2836 4452
280 403 376 602 illzond
407 520 478 602 hee
499 520 650 626 nuptise'
678 518 921 626 perspicuum
951 520 1125 616 faciunt,
1161 520 1307 603 Russos'

280 651 326 700 eo
357 633 549 722 tempore,
575 647 653 724 quo
677 621 828 696 'alienati
844 633 951 698 erent
976 651 998 698 e
1024 624 1196 718 Graecis,
1223 629 1301 704 usa

277 751 376 829 tinos
403 749 476 826 sibi
503 747 718 824 arctissimis
743 741 906 824 vinculis
925 747 1150 850 adjunxisse.
1197 809 1201 818 ,

373 872 435 976 76.
460 870 532 948 Sed
548 871 680 948 eodem
705 869 855 946 saeculo
872 870 1072 949 undecimo
1089 871 1183 949 inid
1199 874 1302 950 Rus·

212 1077 217 1090 ,
278 997 312 1075 si
341 994 504 1072 maxime
524 991 774 1084 studuerunt,
796 1002 838 1068 ot
867 1017 956 1068 cnm
973 995 1141 1070 Romans
1170 996 1302 1074 Eccle-

114 1151 118 1160 ·
275 1121 331 1198 sie
359 1119 664 1198 communionem
689 1126 901 1210 servarent,
916 1117 1193 1218 firmarentqne.
1210 1122 1298 1198 lem

274 1253 361 1338 ente
389 1240 584 1320 Michaelis
610 1239 795 1318 cerularii
824 1238 985 1317 schisma
1010 1243 1200 1350 Jerosleus
1222 1243 1301 1318 ali-

272 1395 388 1472 qnem
418 1397 441 1446 e
467 1366 666 1444 benedicto
693 1369 788 1447 Vlll.
811 1366 1042 1467 Episcopum
1058 1379 1296 1467 poposceret,

123 1595 126 1602 Ι
273 1509 387 1600 etque
411 1521 510 1572 euno
539 1517 644 1572 rosr.
672 1491 719 1568 eb
740 1519 786 1570 eo
820 1494 1033 1572 obtinuerat
1062 1495 1297 1596 Episcopum

275 1623 457 1702 Aletium
486 1621 635 1698 natione
665 1621 868 1723 Belgarum
891 1622 1095 1698 admodum
1111 1623 1150 1701 iu
1175 1625 1298 1700 Gree-

272 1771 344 1840 ce,
364 1756 492 1846 etque¹
508 1744 618 1837 Slave
642 1745 770 1846 lingue
794 1757 997 1824 versatum.
1023 1748 1197 1822 Meminit
1222 1746 1297 1824 hu·

269 1873 332 1976 jus
362 1871 419 1968 rei
449 1871 590 1952 Frisios
615 1872 717 1974 spurl
742 1873 1010 1958 Keremsiuum
1030 1875 1077 1970 [ι]
1093 1873 1133 1948 in
1160 1899 1300 1972 opere,

270 1995 376 2100 qnod
391 1994 604 2096 inscripsit:
634 1996 696 2074 De
719 1998 952 2092 Episcopatu
973 1998 1176 2075 Kiovicnsi
1191 1999 1301 2074 Com·

272 2123 472 2202 mentatio.
496 2121 719 2216 Orlovium,
748 2122 993 2214 Nicanorem,
1014 2130 1127 2221 etque
1144 2121 1296 2198 Cessis-

269 2263 366 2330 num
375 2293 391 2332 ,
411 2241 481 2343 qui
507 2253 615 2320 entes
629 2242 678 2316 de
693 2244 814 2318 initiis
839 2242 1036 2342 religionis
1054 2243 1295 2326 Clarissimus

271 2369 314 2442 r'n
327 2369 476 2444 Raecio
486 2369 740 2466 scripserant,
754 2368 892 2442 Frisios
907 2376 1014 2442 testes
1030 2369 1070 2444 iu
1086 2393 1165 2446 rem
1182 2369 1296 2448 istem

272 2496 389 2576 dedit.
416 2493 549 2594 Neque
561 2493 593 2568 is
609 2502 762 2585 contre,
782 2493 974 2572 neleviter
996 2494 1149 2598 quidem
1167 2521 1188 2572 s
1207 2497 1293 2574 Ke-

270 2617 438 2700 frusino
460 2615 650 2714 carpitur.
683 2615 813 2692 Statim
847 2643 938 2694 vero
967 2632 1011 2694 ut
1042 2618 1287 2698 rebellionem

265 2744 483 2824 Cerulerius
505 2743 654 2838 fecitte
669 2741 795 2820 sedem
811 2745 1043 2836 Romanam,
1058 2744 1162 2822 eliud
1183 2747 1289 2824 Rus-

263 2869 427 2971 sistque
442 2867 537 2974 illurl
553 2893 628 2952 uon
643 2868 728 2948 leve
743 2877 1003 2968 argumentum
1020 2869 1290 2968 praebuerunt,

265 3017 344 3094 quo
373 3001 462 3068 tunc
491 2990 693 3067 amicitiem
725 3015 814 3066 cum
842 2991 971 3067 eedem
1003 2993 1172 3067 Romane
1199 2993 1291 3068 sede

264 3119 351 3198 illos
375 3121 535 3196 coluisse
565 3117 730 3195 mirabili
755 3117 869 3193 modo
889 3117 1062 3196 innotuit.
1083 3119 1213 3218 Quum
1238 3117 1290 3196 erl

263 3262 373 3322 eures
397 3241 537 3318 Leonis
564 3239 629 3316 tx.
652 3264 789 3321 venere
816 3239 1022 3317 turbulenti
1039 3250 1162 3316 motus
1178 3237 1282 3340 ejus·

343 3651 379 3728 (ι)
398 3651 515 3710 rorum.
535 3607 576 3712 n.
597 3667 660 3714 nos.
681 3656 729 3715 ee.
