2830 4452
269 455 474 534 colliditote
501 453 765 531 subnectom‘.'
790 451 904 555 Quod
929 451 959 528 si
982 459 1070 530 cnm
1102 445 1290 544 Frclnero,

262 608 384 683 ·qnem
407 583 541 678 alleget
553 635 566 672 ,
592 591 629 654 et
652 577 822 679 seqnitur
845 577 1091 654 Karamsinns
1107 576 1178 676 (c),
1194 597 1290 650 cone

273 703 423 779 tendere
438 703 522 804 quis
538 702 654 793 velit,
679 699 935 799 desponsatam
956 698 1121 799 primum
1145 697 1286 774 Ottoni

268 824 373 900 illam
402 849 476 898 non
495 822 759 901 luisrernemo
786 831 911 896 temen
941 820 1077 922 poterit
1103 818 1288 913 inficiari,

268 949 326 1024 bis
340 933 698 1050 Constantinopolim
709 945 757 1026 ad
771 969 929 1022 uxorem
942 944 1062 1020 eidem
1079 943 1285 1044 imperato·

268 1075 303 1153 ri
330 1070 525 1175 petendam
550 1074 707 1172 Legatos
733 1069 875 1161 missos,
906 1093 1005 1147 enno
1020 1068 1162 1146 scilicet
1175 1071 1287 1172 995„

273 1201 469 1275 etiterum
499 1197 612 1298 paulo
638 1206 723 1272 ante
744 1222 882 1273 annum
909 1199 1015 1274 10'02·
1029 1249 1045 1289 ‚
1068 1197 1139 1273 sub
1169 1195 1285 1297 cnjus

257 1309 417 1404 initium
438 1328 528 1400 Otto
558 1324 722 1399 decessit.
747 1326 973 1424 Loquuntnr
999 1321 1048 1397 de
1072 1324 1195 1424 prims
1220 1323 1284 1398 le-.

269 1453 417 1552 gatione
433 1448 595 1525 Annales
621 1446 944 1527 Hildcshemcnses
969 1443 1060 1544 (f),
1086 1461 1123 1522 et
1148 1449 1286 1526 Anna·-

261 1577 352 1651 liste
383 1577 478 1650 saxo
519 1573 607 1672 (g),
640 1599 695 1678 ac
724 1571 827 1646 dnos
854 1571 1061 1671 Episcopos
1096 1573 1286 1653 loannem

269 1696 539 1788 Placentinum,
564 1705 601 1771 et
625 1694 908 1774 Bernvvardum
929 1696 1284 1795 wirciburgensem
1396 1719 1397 1804 l

258 1821 406 1923 *legatos
426 1821 656 1924 perhibent.
688 1821 901 1897 Memorant
940 1820 1161 1921 legationem
1186 1822 1284 1899 alta-
1396 1847 1397 1896 l

257 1971 350 2025 ·ram
367 1944 599 2048 Amulphus,
617 1955 653 2021 et
667 1946 791 2022 senior
806 1939 1051 2045 Landulphns
1078 1946 1139 2044 (h)
1156 2001 1169 2038 ,
1193 1973 1280 2023 am-

193 2077 195 2082 ’
259 2070 320 2148 ·bo
350 2073 549 2170 scriptores
565 2070 859 2146 Mediolanenses
875 2127 886 2161 ,
905 2078 1014 2170 atque
1039 2097 1080 2145 ea
1101 2067 1281 2150 iunctum

268 2194 413 2269 dicunt..
423 2192 735 2266 Mediolanensem
762 2189 1098 2291 Archicpiscopum
1132 2192 1283 2270 Annul-
1349 2293 1357 2298 Π

255 2315 386 2418 ¹phum
404 2314 634 2404 ll.Prolecto
663 2316 945 2410 Volodimirus‚
976 2328 1019 2394 ut
1046 2317 1190 2396 dictum
1217 2329 1279 2396 est
1362 2393 1365 2402 .

258 2464 384 2540 ·supre
412 2441 482 2538 (ι),
509 2463 606 2513 anno
634 2437 720 2539 988.
747 2436 823 2538 jam
856 2463 1013 2516 uxorem
1037 2441 1280 2521 sibiAnnam

259 2563 451 2641 *Graecam
482 2561 726 2663 adjunxerat.
760 2562 831 2640 sed
861 2564 1049 2640 Ditmarus
1075 2567 1277 2667 legationi·
1395 2621 1396 2636 ,

269 2848 299 2858 ⁴¹
333 2827 386 2900 ·(2)
407 2825 523 2882 Volum.
543 2827 567 2882 1.
587 2837 651 2882 not.
673 2823 741 2884 215·
1270 2887 1276 2895 ,

348 2928 400 3004 (t)
420 2933 504 2990 Inter
520 2929 664 3007 Sci-mter.
696 2931 766 2986 lter.
797 2930 954 2989 Brnnrvr’c.
980 2932 1106 2994 Leibnit.
1138 2935 1225 2992 'torm
1245 2939 1273 2996 1.
1395 2901 1396 2950 l

258 3051 332 3110 με.
353 3047 422 3113 7²⁰·

342 3139 387 3226 (g)
406 3139 444 3193 ln
475 3137 562 3216 corp.
589 3135 729 3196 Hlsloric.
760 3133 852 3194 medii
880 3139 948 3197 aevi
973 3141 1093 3199 Eccardi
1124 3145 1210 3201 'l’onn
1243 3135 1273 3203 1⁸3

262 3243 318 3300 col.
338 3241 408 3300 36¹.
1394 3273 1395 3342 g

100 3353 107 3365 ·
260 3351 265 3358 ”
299 3343 301 3348 ’
344 3339 388 3417 (h)
408 3343 510 3401 Amul.
530 3339 596 3402 Lib.
607 3345 632 3400 1.
642 3361 703 3416 cap.
714 3343 794 3404 xlu.
809 3346 931 3403 Landnl.
947 3345 1011 3403 Lib.
1025 3349 1066 3406 11.
1082 3366 1144 3423 cap.
1159 3351 1269 3410 xvnr.

261 3443 340 3513 inter
357 3449 501 3528 Scriptor.
521 3451 592 3509 lter.
611 3449 709 3510 Italic.
728 3452 887 3513 muratorii
895 3457 990 3512 *rom
1011 3455 1062 3518 Π.
1126 3477 1169 3486 ···

344 3559 380 3633 (l)
400 3559 470 3632 th·
490 3559 539 3616 IV.
559 3573 641 3616 num.
662 3558 710 3617 αἱ.
738 3603 740 3610 .
801 3605 811 3613 .,
834 3609 836 3613 .
