2830 4452
398 352 402 390 t

310 407 332 454 o

265 403 423 583 xristus
418 501 504 576 'cum
516 495 636 568 Petro
645 489 831 568 Deminne
853 479 1106 600 concordent,
1136 473 1221 553 ideo
1234 473 1284 552 de

266 632 419 710 Russiae
448 621 620 702 confiniis
650 615 860 692 meminisse
892 605 1049 712 putendi
1067 612 1183 696 snut,
1205 627 1287 677 non

266 752 370 858 qnod
396 772 516 850 prope
538 744 602 819 illu
625 741 769 830 solum,
807 734 872 811 sed
900 730 1005 834 quod
1039 727 1150 804 etiem
1184 725 1288 800 nitra

272 875 514 980 Apostolieus
532 869 595 944 iile
620 864 735 941 homo
762 854 1031 962 processerit.
1127 889 1130 900 ·

359 1001 429 1097 ¹.i›9
454 992 693 1096 Quamquam
719 1011 809 1066 vero
842 993 878 1058 et
906 978 1071 1070 Prussis,
1101 987 1138 1050 et
1152 973 1290 1049 Lrtnn

270 1136 342 1216 nis,-
362 1132 400 1196 et
410 1117 539 1196 Russus
550 1119 676 1190 Bruno
691 1107 903 1186 bonifacius
921 1095 1164 1200 Evangelium
1175 1122 1290 1198 pree-

270 1237 476 1337 diaeresin
493 1240 625 1344 popuii
644 1237 699 1311 illi
713 1245 856 1324 tumen,
875 1235 993 1330 quos,
1011 1229 1120 1302 Petro
1135 1221 1292 1300 Damia-

269 1395 321 1448 no
350 1377 468 1456 teste,
492 1368 580 1436 Jesu
605 1357 755 1434 Christo
779 1353 945 1454 peperit,
968 1370 1092 1450 neque
1108 1343 1290 1433 Lituuni,
1403 1361 1404 1378 ¹

273 1518 394 1592 neque
411 1485 563 1574 Prussi,
587 1479 652 1556 sed
682 1503 814 1578 magne
840 1475 970 1549 saltem
1000 1495 1046 1549 ex
1061 1481 1170 1571 parte
1184 1467 1289 1550 Rus·
1403 1541 1404 1562 ,

274 1618 306 1689 si
333 1613 507 1687 fuerunt.
537 1599 742 1702 Numque'
731 1625 769 1673 ιιι
793 1596 961 1684 Prussie,
992 1593 1042 1669 nd
1071 1607 1186 1693 quarn
1206 1587 1290 1688 pri·
1403 1565 1404 1650 ἶ

275 1752 382 1813 mum
396 1734 465 1806 iste
478 1725 791 1826 Archiepiscopus
811 1745 850 1794 se
869 1715 1030 1796 contulit
1041 1715 1187 1811 ,spinis
1197 1709 1293 1812 pul·

278 1856 507 1945 halantibus,
544 1849 695 1927 torrida
723 1871 801 1922 non
819 1847 942 1945 potuit
962 1840 1081 1932 facile
1105 1837 1294 1930 mollire,

276 1993 320 2058 ut
351 1983 543 2057 Ditmurus
568 1976 745 2077 loquutus
774 1985 851 2047 ests
888 1969 951 2045 eui
980 1966 1165 2044 consentit
1197 1963 1293 2040 Hel·

274 2106 446 2198 moldus,
469 2103 536 2206 qui
570 2112 737 2198 tempore
759 2097 928 2174 Foderici
945 2099 970 2176 i.
999 2094 1186 2194 sexaginta
1212 2090 1295 2166 eir·
1403 2149 1404 2162 ,

277 2235 371 2308 citer
393 2232 499 2305 annis
521 2238 606 2326 post
642 2225 822 2300 Bruuonis
854 2221 1036 2302 Boniiaeii
1065 2219 1297 2324 martyrium

278 2367 432 2431 testatus
461 2363 516 2427 est
557 2356 661 2447 (ee),
689 2347 793 2447 qued
810 2350 944 2424 'Pruzi
965 2347 1130 2424 necdum
1154 2347 1291 2425 lumen

261 2481 373 2578 fidei
396 2487 676 2577 cognoverant.
697 2473 847 2550 Lituani
870 2499 961 2551 vero
987 2471 1201 2548 tardissime
1218 2473 1296 2548 sub

278 2606 454 2706 ingelone
485 2604 582 2679 duce
609 2603 709 2678 circe
730 2627 868 2678 annum
900 2588 1024 2696 1386(
1041 2600 1297 2678 Christianam
1402 2619 1404 2634 ⁴

282 2727 405 2803 colere
429 2725 647 2825 religionem
675 2733 900 2823 coeperunt.
929 2725 983 2799 Ut
1012 2723 1112 2798 enim
1128 2723 1298 2824 Dlngoe·

138 2945 143 2956 ι
284 2877 369 2926 sum
390 2852 510 2948 (ως
526 2845 921 2948 Mieehiovium(gg),
950 2847 1174 2925 Crumerum
1198 2848 1302 2961 (iziz),

282 2977 450 3078 nliosqne
472 2975 716 3066 omittemus,
741 2972 833 3049 hnee
856 2973 906 3048 de
933 2973 1049 3074 gentis
1079 2972 1186 3047 istius
1203 2997 1303 3066 con·

377 3318 434 3390 (ee)
457 3310 592 3374 chronic.
612 3314 733 3374 Slevor.
753 3311 816 3370 laih.
837 3317 862 3369 1.
882 3329 944 3384 nep.
965 3315 990 3370 1.
1011 3310 1043 3368 in
1062 3311 1157 3386 princ.
1250 3335 1252 3342 ·

376 3425 439 3507 (fs)
460 3421 686 3502 HistorsPolern
705 3417 768 3481 nib.
788 3427 825 3482 X.
846 3423 881 3484 ud
900 3441 970 3481 ann.
993 3419 1075 3500 1387·
1194 3484 1198 3496 ,

377 3533 450 3606 (gg)
471 3529 578 3584 Hister.
597 3525 702 3604 Polou.
721 3528 785 3585 Lib.
805 3530 856 3584 lv,
877 3545 940 3600 nep·
961 3530 1024 3585 XV.

381 3625 446 3705 (hh)
467 3627 631 3688 Polonicur.
651 3630 720 3688 Ποῖ.
741 3627 803 3687 nib.
824 3631 885 3686 XV.
906 3627 937 3684 iu
956 3627 1049 3701 princ.
