2830 4452
294 379 340 455 ὦ
591 482 967 590 cnnnnin

276 731 402 815 Rosci
421 751 523 806 nono
546 727 702 805 soeculo
728 751 754 804 c
766 729 907 804 Christi
924 728 1001 810 nce
1014 745 1127 805 erant
1147 727 1287 812 alieni.
1406 747 1407 818 t

372 859 436 936 At
459 879 546 932 vcro
572 882 626 931 ex
644 855 837 953 cisoliqui
848 867 938 930 onte
952 854 1056 932 illics
1078 855 1289 953 snecniifi·

373 1005 461 1055 nem
479 979 530 1052 od
538 977 727 1053 Christum
742 965 916 1073 offnnctt
927 991 1029 1068 sunt,
1043 978 1194 1053 hortatu
1207 977 1292 1076 qni·

250 1143 253 1146 ·
376 1105 461 1180 dem
482 1105 622 1188 Basilii
647 1103 897 1196 Macedonis,
929 1127 1044 1202 opero
1069 1119 1197 1178 antem
1216 1117 1291 1176 cu*

363 1223 526 1330 jusdam
551 1227 851 1328 Archiepiscopi‚
875 1229 942 1338 qni
965 1229 1012 1302 nb
1030 1229 1184 1326 ignatio
1207 1231 1293 1302 Pc-

377 1355 540 1427 triorcizc
563 1370 810 1429 consecratus
822 1347 842 1446 ,“
857 1358 1072 1454 missusque
1089 1367 1171 1430 est.
1187 1357 1294 1427 Exn·

377 1480 548 1552 minatur
585 1481 840 1552 testimonium
871 1476 968 1551 iilud
1006 1477 1145 1552 Photio
1170 1475 1293 1549 tribu-

228 1640 232 1646 ·
372 1612 471 1688 tum,
501 1600 541 1672 in
555 1623 631 1695 qno
650 1600 865 1672 Russornm
881 1601 1079 1674 conversio
1094 1610 1184 1672 onte
1201 1599 1290 1672 Bc.

374 1725 453 1800 silii
478 1723 701 1800 Macedonis
717 1726 916 1822 imperinm
933 1777 948 1816 ‚
968 1738 1008 1798 et
1018 1723 1166 1823 Ignatii
1188 1721 1291 1799 redi·

374 1862 456 1928 tum
489 1853 529 1923 in
558 1850 776 1926 Ecclesiam
800 1873 935 1942 suom,
966 1851 1174 1949 contigisse
1196 1874 1288 1924 ncr-

374 1989 501 2054 rotnr.
535 1980 621 2052 Nec
647 1975 863 2076 generalis,
887 1975 1142 2072 nccjortcssc
1159 1976 1293 2058 since·-

378 2127 422 2178 rc
442 2106 639 2182 conversio
671 2102 736 2178 itta
757 2105 865 2202 fnit.

279 2372 314 2451 5.
332 2287 442 2458 Sed
473 2372 654 2472 quoniam
683 2371 833 2449 efferata
873 2380 910 2447 ot
939 2372 1095 2448 immitis
1139 2370 1283 2474 prisco·

275 2521 362 2574 rum
387 2495 593 2578 Russorurn
618 2495 718 2577 natio
741 2509 843 2588 erat,
873 2519 1071 2598 progressu
1108 2494 1285 2596 temporis

274 2619 427 2698 o'mnino
454 2619 615 2704 extincta
645 2617 780 2693 inillis
810 2618 950 2696 Christi
974 2617 1065 2694 fides
1089 2627 1172 2697 est.
1212 2621 1288 2694 lta·

275 2769 349 2843 que
365 2768 463 2816 nono
487 2742 635 2816 saecuto
656 2740 766 2825 {tussi
785 2741 824 2816 in
842 2740 1074 2817 idololatriae
1098 2741 1291 2834 tenebris,

275 2877 312 2942 ot
336 2868 375 2940 in
402 2867 533 2942 umbra
550 2868 679 2947 mortis
695 2867 870 2949 sedebant
885 2865 1050 2946 universi
1067 2922 1077 2943 .
1094 2868 1145 2942 At
1168 2891 1289 2968 quum

279 3002 361 3066 ante
386 2991 550 3094 ejusdem
575 2993 713 3076 sacculi
736 2993 848 3074 finem
872 2993 965 3093 ipsi,
989 2992 1169 3070 instructa
1185 2991 1283 3067 clas·

277 3141 338 3206 ss,
360 3114 722 3215 Constantinopolim
745 3113 1003 3213 navigassent,
1044 3112 1153 3215 eiquo
1178 3138 1292 3212 gravo

279 3238 506 3315 incessissent
531 3241 775 3340 periculum
800 3239 925 3319 Paulo
942 3252 1056 3341 post,
1084 3251 1127 3316 nt
1150 3237 1292 3316 Cedro·

278 3389 349 3439 nus
372 3363 539 3465 loquitur
564 3367 622 3464 (c)
634 3369 738 3458 ‚Dei
758 3367 854 3442 iram
879 3369 1026 3465 experti
1047 3365 1200 3442 domim
1228 3386 1291 3439 rc-

375 3633 419 3708 (“>
440 3634 595 3694 nestorion
615 3632 766 3716 compend.
787 3653 852 3712 pag.
872 3632 942 3715 557.
963 3636 1033 3728 edit·
1054 3636 1144 3698 Pstis.
1162 3632 1252 3716 ¹⁶47·
