2830 4452
286 478 359 557 Sed
389 475 755 556 animadvertendum
790 489 878 569 est,
909 476 1002 554 duae
1042 473 1193 552 insimul
1229 497 1294 552 res

283 606 467 684 affirmare
483 603 706 679 Damiannm
731 602 797 678 iilo
826 604 865 678 in
888 602 972 680 loco
988 601 1150 681 voluisse
1157 655 1171 694 ,
1193 627 1293 703 que·

282 753 369 804 rom
391 725 505 800 attera
530 723 647 800 veluti
673 722 889 822 principalis
916 722 1083 800 hebende
1101 723 1175 814 sit,
1197 722 1294 800 aite-

282 877 325 926 rn
356 849 462 949 quasi
493 845 736 946 explicatrix.
766 845 949 922 Boniiecii
970 846 1039 922 iter
1062 846 1102 920 in
1118 844 1293 922 nussiam

284 971 482 1074 praecipue
502 977 580 1046 orat
604 993 677 1060 res,
700 993 814 1068 quam
830 969 893 1044 iila
912 978 1156 1070 proposuerat
1181 993 1295 1046 ener-

282 1125 391 1176 rerc:
416 1098 455 1172 id
478 1106 601 1174 eutem
615 1104 657 1172 nt
681 1095 879 1196 perfectius
899 1105 1166 1194 exequeretur,
1189 1095 1293 1174 etad

281 1251 403 1324 regem
433 1226 635 1310 Russcrum
662 1223 773 1296 etiarn
795 1219 955 1298 adivisse
980 1219 1212 1298 Bonifecinm
1238 1219 1296 1298 di·

280 1351 359 1425 xit.
396 1349 633 1447 Quapropter
662 1343 913 1419 declaraturos
938 1369 1006 1419 nos
1042 1343 1160 1445 panio
1180 1352 1296 1443 post,

238 1522 250 1534 -
280 1473 365 1574 quis
395 1469 458 1544 ille
483 1494 550 1543 rex
583 1466 721 1556 fuerit,
752 1465 998 1565 pollicemurc
1033 1491 1134 1544 nunc
1163 1492 1291 1559 vero,

282 1594 385 1694 quod
412 1591 462 1668 ad
494 1587 674 1666 Bonii'ecii
691 1588 761 1666 iter
795 1587 835 1663 in
873 1588 1045 1667 nussiam
1072 1590 1225 1683 attinet,
1251 1589 1296 1665 in

280 1725 357 1824 qno
386 1715 500 1794 cordo
527 1716 684 1794 vertitur
702 1725 856 1790 ucenae
870 1717 1302 1815 ιῙιιαοεῐίοιιίο,’[ὶιιιιίειιιΙ

212 1859 214 1864 ·
282 1845 322 1919 ni
340 1843 597 1918 auctoritatem
618 1837 702 1941 ju're
731 1865 808 1915 non
833 1863 941 1940 posse
968 1841 1095 1943 respui
1132 1850 1301 1920 contene.

229 1997 232 2002 ·
284 1971 434 2049 dimus.

354 2102 417 2178 35.
442 2095 673 2172 Italushomo
687 2095 851 2195 primum
860 2092 1082 2188 Monachus,
1096 2095 1181 2173 dein
1197 2094 1299 2173 Ceo-s
1399 2187 1400 2203 χ

283 2224 442 2314 dioclis,
464 2232 501 2294 et
514 2219 721 2317 Episcopus
736 2218 916 2293 Ostiensis
933 2273 946 2308 ,
960 2219 1121 2318 itemque
1131 2219 1296 2318 scriptor

119 2445 120 2450 Ἰ
281 2375 399 2450 prope
413 2343 605 2421 Boniiacio
634 2367 795 2422 coaevus
823 2341 896 2419 tuit
922 2346 1052 2430 Petrus
1070 2343 1294 2420 Demianus.
1398 2407 1399 2439 p

282 2473 458 2546 Jamvero
480 2465 513 2539 is
529 2464 576 2539 de
593 2489 698 2539 secra
718 2464 950 2563 expeditione
971 2464 1164 2566 loquitur,
1196 2489 1298 2566 quse

284 2595 426 2671 Romae
454 2589 515 2669 vei
540 2588 704 2682 decreta,
726 2589 788 2668 vei
820 2590 950 2668 saitem
974 2593 1191 2670 confirmate
1208 2603 1299 2688 est,

283 2712 435 2818 quando
460 2709 669 2789 Bcniiecius
694 2711 758 2787 iiio
776 2711 928 2791 advenit
936 2737 950 2805 φ
973 2723 1016 2787 ut
1035 2698 1162 2790 eorem
1189 2714 1299 2814 Apo·

286 2839 417 2917 stolice
433 2838 519 2914 sede
540 2863 610 2939 pro
621 2864 687 2916 sua
701 2842 977 2916 consecratione
993 2867 1032 2917 se
1044 2833 1204 2920 sisteret.
1219 2841 1296 2918 Sed

285 2962 363 3064 jem
381 2960 445 3035 ille
470 2985 594 3036 senex
617 2961 836 3038 Monachus
849 2964 942 3063 ,qui
955 2989 1044 3040 eum
1070 2964 1161 3042 illuso
1174 2968 1296 3041 comi-

283 3095 386 3158 tatus
416 3081 465 3159 de
501 3084 712 3161 Ravennae
728 3085 877 3180 ficibus
885 3088 1048 3185 fueras,
1075 3087 1215 3165 nedum
1245 3086 1298 3164 de
1395 3083 1396 3146 i

94 3178 101 3217 <
149 3189 161 3207 '
283 3205 353 3298 iis,
381 3231 477 3308 quae
507 3205 548 3282 in
577 3207 639 3286 via
665 3208 874 3287 Bonifecius
898 3213 1004 3310 egit,
1037 3211 1084 3288 de
1123 3210 1299 3312 gentibus

283 3347 465 3426 quoque,
489 3337 524 3402 et
547 3327 784 3428 regionibus,
820 3329 860 3406 in
895 3357 988 3432 quas
1030 3331 1232 3407 destinatus
1274 3359 1300 3408 e
1394 3297 1395 3385 i

287 3453 466 3528 Pontifice
490 3455 658 3529 Romano
683 3466 738 3530 est
751 3510 763 3546 ,
788 3458 982 3534 certiorem
998 3457 1121 3535 fecere
1135 3456 1296 3532 Damia—
1393 3489 1394 3518 ³

289 3599 381 3654 num
404 3574 556 3654 debuit.
587 3576 670 3656 Nisi
702 3588 826 3658 autem
843 3581 948 3681 ¹boue
976 3580 1129 3692 edoctus
1161 3589 1298 3682 posue
