2836 4452
248 313 326 394 1³6

247 448 359 514 eruut
382 435 424 514 iu
448 436 613 538 Russie,
636 439 682 510 ut'
695 433 783 537 ipsis
799 431 884 510 inde
901 425 1270 538 Constantinopolim

246 564 641 646 excommnuicationis
656 562 824 640 obortam
837 587 906 664 per
928 557 1165 660 imperatoris
1183 559 1261 634 Le-

251 666 355 792 galos
381 687 628 764 transmittere
649 684 793 760 licitum
819 681 946 762 suerit.
980 682 1052 758 Sed
1090 693 1262 781 poteraut

247 841 296 890 ue
322 812 426 891 aliud
451 810 563 888 Russi
588 819 847 912 argumentum
863 809 1165 901 subministrare,
1181 836 1261 912 quo

249 936 334 1038 plus
362 936 495 1010 inesset
523 935 670 1010 roboris
699 934 747 1009 ad
773 931 1096 1033 persuadendum,
1138 934 1263 1010 unitos

247 1087 288 1141 se
315 1086 405 1138 oum
431 1059 647 1159 Apostolice
666 1059 752 1136 sede
775 1059 911 1152 luisse,
933 1059 1078 1160 qnam,
1102 1068 1182 1134 toto
1197 1085 1265 1136 or-

251 1187 301 1263 be
333 1194 545 1288 spectante,
569 1188 706 1264 Leonis
731 1189 795 1262 [Χ.
818 1187 979 1287 Legatis,
994 1185 1059 1286 qui
1079 1187 1268 1264 Constan-

249 1313 408 1411 tiuopoli
439 1313 694 1396 patriarcham
721 1313 844 1412 ipsum
881 1311 1106 1388 Michaalem
1142 1310 1267 1390 cern·

251 1433 389 1510 larium
406 1434 563 1510 fulmine
578 1432 972 1510 excommunicationis
997 1440 1269 1532 percusserant,

257 1568 380 1638 tutum
405 1560 619 1661 perfugium
651 1567 867 1658 et·portum
889 1558 1096 1657 praehere?

321 1699 324 1708 ’
351 1708 412 1784 77.
438 1685 613 1758 Attamen
638 1683 746 1784 qnod
768 1681 946 1756 hacteuus
968 1680 1112 1756 dictum
1127 1687 1201 1772 est,
1216 1705 1270 1755 oe·

250 1810 446 1910 quentium
471 1807 628 1899 tortasse
652 1808 929 1909 comparatione
955 1806 1113 1886 vilescit.
1134 1805 1271 1908 Qualis

255 1931 355 2010 enim
382 1942 420 2010 et
449 1944 590 2036 quauta
620 1937 827 2012 Russorum
854 1932 1006 2012 devotio
1036 1931 1153 2010 luerit
1181 1955 1273 2032 erga
1336 1987 1339 1992 ·

253 2055 378 2140 sedem
403 2057 675 2156 apostoticam,
688 2067 886 2158 postquam
911 2063 1087 2156 eruperat
1104 2052 1269 2162 schisma

252 2181 460 2276 cerularii,
476 2208 524 2259 ex
539 2184 672 2260 litteris
691 2184 849 2262 maxime
864 2184 982 2260 sanoti
997 2181 1172 2283 Gregorii
1187 2181 1272 2263 Vll.

256 2309 306 2386 ed
329 2335 454 2411 rogem
475 2312 684 2386 ltussorum
718 2310 815 2386 datis
846 2335 945 2387 nuno
974 2309 1081 2412 ¹⁰75·
1114 2307 1274 2410 planum

257 2443 372 2535 atque
402 2433 640 2508 menifestum
668 2441 734 2508 est.
757 2432 916 2507 Izaslaus
953 2432 1053 2508 filins
1083 2431 1241 2508 Jaroslei
1256 2483 1273 2523 ,

258 2565 295 2628 at
312 2552 537 2632 Volodimiri
554 2580 668 2655 nepos
682 2608 697 2647 ,
721 2557 787 2658 qui
805 2556 957 2633 Russiae
973 2581 1131 2656 reguum
1152 2555 1277 2631 tenuit

262 2675 310 2752 ab
335 2702 435 2752 anuo
464 2679 575 2778 1054.
599 2678 648 2755 ad
671 2704 812 2755 aunum
839 2677 973 2780 1078.,
995 2678 1072 2754 fuit
1095 2677 1159 2753 ille
1183 2701 1278 2770 rex,

260 2800 330 2898 qui
354 2798 530 2876 littereas
551 2802 734 2900 Gregorio
755 2801 831 2880 vlt.
850 2801 1003 2902 aooepit.
1027 2801 1182 2876 Miserat
1199 2802 1279 2876 lto·

259 2945 362 2998 rnem
389 2919 509 2998 filium
539 2947 650 2998 enum
680 2922 862 3014 lzasleus,
886 2933 929 2999 ut
949 2922 1058 3000 beato
1080 2925 1189 3000 Petro
1211 2919 1277 2996 ol·

262 3039 377 3118 serrat
400 3067 555 3144 reguum
571 3047 744 3140 Bursiae,
767 3049 816 3124 ab
839 3075 960 3150 eoque
982 3049 1076 3126 illud
1088 3074 1156 3150 per
1176 3048 1279 3126 Pon-

265 3165 427 3258 tificem,
448 3170 514 3270 qui
538 3183 628 3246 tunc
654 3173 692 3246 in
717 3171 879 3274 ejusdem
906 3175 1004 3250 beati
1028 3174 1126 3250 Petri
1142 3171 1280 3252 carhe-

262 3289 332 3412 ¹dra
353 3291 679 3386 sedebat,.rursum
694 3296 794 3372 douo
808 3297 1003 3398 reciperet.
1018 3299 1160 3376 Annuit
1174 3297 1282 3374 hisce

260 3417 360 3498 votis
375 3429 522 3496 sanctus
534 3422 738 3521 Gregorius
755 3422 853 3516 Vll.;
869 3432 987 3525 etque
997 3423 1147 3516 lzaslao,
1162 3449 1279 3526 quem

255 3565 303 3624 ex
326 3539 477 3620 nomine
499 3541 535 3618 ei
558 3540 599 3620 in
615 3544 843 3654 ⁴baptismate
869 3545 1167 3648 indito.vooavit
1192 3546 1273 3622 De·
