2830 4452
120 465 271 570 quidem
287 465 460 568 ponderis
477 491 554 543 osse
573 464 690 542 hoece
701 465 860 542 Ditmari
875 367 1127 545 testimouiurir

121 591 327 670 declaravit
343 648 353 668 .
375 591 547 690 Namque
562 590 661 665 idem
677 591 800 690 ipsum
816 599 919 681 ,uon
942 591 1126 691 integrum

119 725 266 808 tamen,
283 715 476 817 allegavit,
500 741 619 817 quum
644 719 703 814 (p)
724 717 847 820 eoepit
875 718 922 794 de
938 719 1132 818 svatopol·

119 839 162 916 kt
188 838 395 916 defectione
422 865 629 916 sermonem
671 841 827 917 fecere.
858 844 970 919 Hune
1006 857 1130 918 auteur

119 962 236 1038 luisse
264 985 380 1038 uuum
409 962 516 1038 illum
554 989 576 1036 e
614 961 699 1036 filiis
739 964 989 1057 Volodimiri,
1032 965 1130 1066 qui,

119 1089 289 1162 Ditmsru
319 1095 421 1178 teste,
448 1086 564 1161 lilium
589 1087 745 1162 Boleslai
773 1087 948 1162 Poloniee
982 1088 1127 1188 princi·

118 1213 178 1314 pis
204 1235 359 1288 uxorem
379 1209 498 1300 duxit,
522 1210 723 1286 rectissime
749 1211 1008 1310 interpretatus
1045 1222 1125 1285 est.

120 1337 192 1413 Sed
216 1333 287 1428 huo
305 1337 416 1410 etium
445 1347 548 1410 autea
562 1335 807 1412 Karamsinus
831 1337 888 1435 (q)
903 1336 1129 1428 annotavit,

122 1460 335 1534 Ditmurum
368 1481 500 1557 nempe
526 1455 652 1558 plures
671 1458 770 1559 opud
799 1455 933 1532 ducem
954 1456 1128 1532 Polouiau

96 1577 292 1658 -hubuisse
318 1579 479 1678 amicos,
506 1578 572 1680 qui
601 1605 663 1671 ea,
688 1580 837 1680 quaein
857 1579 1009 1654 Polouia
1040 1605 1125 1655 eve-

116 1718 248 1782 nerant
261 1759 276 1798 ,
289 1705 451 1806 propriis
486 1692 613 1780 oculis
635 1715 931 1804 conspexerunt.
950 1703 1124 1794 Accedit,

116 1833 220 1934 quod
249 1835 288 1910 iu
305 1833 492 1923 saxonia,
515 1833 554 1905 iu
584 1857 626 1906 eu
650 1830 791 1906 scilieet
805 1831 1027 1906 Germaniae
1038 1853 1126 1926 par·
1230 1899 1232 1906 .

121 1973 159 2035 te
183 1961 372 2038 Ditmurus
387 1957 535 2060 degeret
552 2009 568 2048 ,
583 1981 627 2030 uu
660 1953 865 2044 scriberet,
888 1979 984 2052 quae
1012 1951 1125 2025 Polo-

43 2094 48 2103 “
127 2083 210 2158 uiue
243 2085 412 2183 proxima
440 2092 521 2157 est.
548 2082 677 2182 Quum
703 2101 794 2154 vero
819 2076 991 2178 proximu
1015 2074 1126 2148 etiem

65 2207 67 2210 ⁵
123 2210 279 2288 Russiue
312 2204 464 2281 Poluuie
488 2203 569 2294 sit,
598 2198 699 2306 houd
725 2198 994 2287 dubitandum,
1019 2195 1127 2268 Polo·

120 2335 188 2410 uus
219 2329 395 2422 scivisse,
426 2327 580 2429 quinum
611 2313 708 2400 'suae
750 2321 907 2398 nationis
955 2317 1124 2394 homiues

121 2455 340 2533 illustriores
353 2455 390 2528 iu
404 2447 935 2548 Russiamprolioiscereutur,
957 2454 992 2516 et
1017 2440 1128 2544 quid·

121 2605 209 2656 uam
239 2577 333 2652 iuibi
360 2572 568 2674 prueulsrue
585 2569 640 2646 rei
663 2579 789 2668 postea
814 2578 1007 2667 gererent.
1129 2625 1132 2632 .

218 2691 776 2778 31.iamverocumssoleslei
805 2690 881 2764 filiu
919 2690 1070 2764 missum
1100 2714 1124 2762 u

123 2828 273 2906 Polouis
288 2826 327 2900 iu
343 2822 512 2900 Russism
531 2819 780 2898 Reiubernum
798 2815 1026 2914 Episcopum
1042 2812 1128 2886 Dit-

36 2931 44 2941 ,
121 2979 249 3031 merus
261 2933 394 3044 reiert}
408 2946 618 3051 significans
633 2956 838 3043 praeterea,
856 2941 938 3016 ideo
956 2938 1130 3013 comitem

122 3082 237 3156 istum
254 3077 448 3167 additum,
471 3085 514 3149 ut
541 3070 667 3148 studio
684 3079 721 3145 et
746 3093 859 3180 opere
884 3067 963 3168 ejus
989 3063 1128 3139 ibidem

124 3205 334 3283 Christiana
359 3202 449 3280 fides
477 3202 593 3303 magis
615 3197 804 3300 magisque
836 3200 1130 3296 propagaretur,
1154 3219 1159 3226 ·

127 3374 1101 3411 W*-

226 3470 274 3540 (p)
294 3469 411 3524 Votum.
432 3467 470 3524 ll.
490 3423 552 3538 esp.
572 3468 595 3522 Ι.
699 3479 701 3485 ’

229 3573 270 3653 (q)
291 3571 406 3628 Votum.
429 3571 453 3626 1.
475 3580 536 3626 not.
558 3571 581 3626 1.
727 3628 730 3636 Ι
