2836 4452
833 375 835 378 ·
1077 355 1149 436 noo

136 467 222 548 dem
251 469 519 565 Patriarchae,
543 479 618 551 tres
645 471 692 550 eb
720 471 786 550 illo
815 473 991 554 Pontifice
1020 476 1153 580 Legati

133 597 237 672 missi
264 608 351 673 sunt
378 595 772 698 Constantinopolim,
801 595 1012 678 Cardinalis
1046 623 1153 676 nem·
1235 691 1238 696 A

132 742 182 822 pe
206 723 439 800 Humbertus
465 723 677 824 Episcopus
694 721 828 800 Silvae
859 722 1052 818 Candidas
1064 777 1080 817 ,
1111 749 1159 823 ac

133 845 269 920 Petrus
294 843 608 947 Archiepiscopus
634 841 923 944 Amalphitanus
940 855 1005 939 ,et
1026 843 1156 922 Fride·

130 971 233 1049 nicus
270 982 361 1050 tnnc
387 974 578 1050 Diaconns
609 980 647 1048 et
688 970 975 1066 cancellarius,
1015 972 1152 1050 deinde
1245 1005 1250 1011 ’

131 1097 234 1199 Papa
256 1099 327 1174 sub
349 1101 499 1204 nomine
519 1096 695 1199 Stephani
720 1097 771 1177 X.
800 1097 971 1174 Habetnr
988 1097 1050 1200 (k)
1064 1097 1149 1176 bre-

135 1224 195 1296 vis
212 1234 252 1297 et
262 1226 459 1298 succincto
472 1222 777 1298 commemoratio
791 1243 935 1313 eorum,
951 1244 1051 1321 queo
1063 1246 1157 1321 ges·

113 1362 269 1424 serunt
282 1347 527 1446 Αροοήείανίἰ
541 1361 700 1428 sanetae
719 1347 918 1424 Romanae
931 1358 972 1423 et
993 1345 1158 1442 Aposto-

131 1473 231 1550 licoe
249 1475 354 1552 sedis
387 1477 428 1548 in
459 1483 567 1574 regio
596 1474 720 1568 urbe,
746 1499 861 1575 quam
873 1525 889 1567 ,
923 1482 1015 1550 testo
1042 1472 1150 1574 Sige-

123 1600 245 1679 ,herto
270 1599 533 1703 Gemplacensi·
555 1599 625 1700 (l),
651 1600 884 1676 Hnmbertns
904 1597 995 1701 ipse
1027 1601 1150 1700 Legu-

97 1748 100 1754 ’
132 1737 262 1804 tonum
289 1726 432 1826 primus
458 1728 640 1826 exposuit.
657 1725 886 1838 Pnotnlimns
903 1751 972 1802 nos
995 1751 1150 1828 qnoque
1293 1709 1306 1756 ⁷

134 1851 265 1928 locum
289 1853 490 1952 quemdam
508 1879 556 1928 ex
577 1878 620 1928 ea
645 1851 816 1950 superius
833 1852 918 1951 (m).
931 1853 1035 1949 Ergo
1050 1861 1155 1951 post·

134 1991 255 2078 qnam
282 1977 329 2053 de
355 1976 485 2054 charta
509 1977 905 2054 excommunicationis
919 1975 960 2052 in
978 1975 1150 2053 Michae-

133 2101 210 2178 lcm
241 2101 478 2180 cerularium
511 2101 606 2177 letae
648 2126 762 2204 snper
793 2102 910 2178 altare
938 2102 1149 2180 maximum
1297 2196 1300 2210 ‚

133 2226 323 2305 Ecclesiae
338 2235 484 2335 sanctae
499 2223 659 2325 Sophiae
682 2253 704 2301 a
727 2225 875 2324 Legatis
891 2222 1012 2326 posita
1024 2224 1150 2299 Hum-

140 2355 269 2432 bertus
295 2351 485 2445 meminit,
511 2351 626 2428 laetos
650 2351 735 2428 illos
757 2349 893 2428 deinde
908 2357 1034 2428 narrat
1048 2348 1149 2428 Con·

132 2477 374 2578 stantinopoli
402 2478 585 2581 digressos
613 2504 717 2572 esse;
742 2503 785 2554 ec
810 2487 937 2580 postea
968 2476 1020 2554 ite
1056 2499 1154 2579 pro-

134 2601 329 2704 sequiturz
358 2601 436 2676 Sed
455 2601 572 2675 nimia
593 2601 775 2676 instantio
797 2623 957 2698 precum
971 2597 1149 2676 Mutae-
1188 2583 1190 2588 ’

127 2726 186 2803 lis
209 2722 427 2825 spondente
443 2735 535 2798 tono
544 2721 703 2798 demum
713 2747 758 2799 se
769 2704 1034 2817 conflicturum
1056 2746 1149 2800 oum

133 2853 193 2932 eis
215 2858 416 2952 imperant
429 2843 721 2950 (Constantinus
735 2845 1151 2947 Monomaolnns).oom·

92 3015 95 3020 ¹
131 2975 274 3076 pulsus
295 3029 306 3054 .
331 3029 342 3052 .
367 3031 379 3054 .
405 3031 417 3055 .
441 2995 509 3051 eos
529 2973 719 3049 revocavit
741 3031 753 3055 .
779 3013 791 3053 .·
816 3031 829 3054 .
855 3021 866 3049 ·
895 2970 1005 3074 Quos
1035 2993 1147 3072 proc·

220 3279 263 3359 (l)
282 3286 369 3340 vom·
388 3281 442 3338 xl.
464 3275 671 3338 concilians.
688 3275 745 3337 eol.
763 3271 814 3336 60.
837 3287 869 3336 ss
887 3286 970 3350 seqq·
992 3271 1063 3332 edit.
1083 3273 1161 3332 vem

139 3391 244 3454 coleti.
1037 3399 1040 3410 ’

137 3507 143 3519 ·
211 3491 264 3569 ’(ῐ)
285 3495 321 3553 sd
340 3510 412 3552 ann·
434 3488 523 3554 aoso.
638 3484 644 3497 ’

165 3647 169 3655 .
224 3603 440 3690 (mlssapstl.
459 3617 543 3660 num.
562 3613 613 3680 μ.
645 3647 649 3658 .
