2830 4452
971 397 979 406 -
1052 371 1091 420 ιι

107 497 195 552 vero
219 469 323 574 quod
351 476 522 570 spectat,
554 467 719 546 seeundo
753 477 930 568 vergente
959 473 1107 547 saeculo

106 601 273 672 irenaeus
299 591 502 695 Polycarpi
524 591 757 692 discipulus,
789 597 844 666 Et
866 617 991 693 neque
1016 595 1111 687 lroe,

105 718 293 819 inquiebat
316 718 399 816 (o),
428 739 528 822 ortae
553 717 596 788 iu
625 715 827 790 Germania
858 730 949 792 sunt
962 716 1108 812 sunda·

106 855 167 916 tae
193 839 394 914 Ecclesiae
423 834 536 918 «iliter
557 838 729 920 eredunt.
759 837 880 939 Hujus
904 847 1028 916 autem
1054 840 1109 916 rei

104 962 356 1040 Tertullianus
384 971 536 1062 qnoque
569 956 729 1060 scriptor
754 963 917 1062 ejusdem
935 963 1113 1063 temporis

105 1087 204 1163 testis
230 1098 285 1161 est
313 1086 454 1178 clarus,
488 1109 607 1186 quum
630 1086 687 1184 (b)
717 1086 993 1164 Germanorum
1029 1090 1112 1164 loca

106 1215 214 1316 plana
237 1215 333 1290 inter
362 1215 447 1290 loeo
473 1216 621 1290 Christo
645 1239 733 1289 vero
747 1214 832 1290 Deo
855 1207 1005 1290 subdito
1019 1243 1115 1292 auu·

105 1346 245 1413 morata
270 1343 397 1439 Atque
417 1337 623 1437 primordia
638 1338 788 1438 quidem
806 1338 994 1438 religionis
1006 1339 1118 1416 Chri·

105 1466 242 1538 stianae
275 1453 314 1539 in
353 1464 553 1540 Germania
589 1455 700 1541 etiam
721 1464 784 1540 illa
801 1519 813 1556 ,
850 1491 947 1566 quae
977 1461 1116 1541 Roma·

103 1589 161 1661 nis
180 1615 254 1662 non
283 1587 457 1687 parebat,
481 1588 629 1664 saeculo
661 1589 771 1664 tertio
793 1613 868 1663 esse
892 1588 1116 1682 vetustiora,

103 1702 303 1786 ostendunt
333 1711 544 1818 Hadrianus
573 1709 766 1788 Dausdeus
801 1713 881 1810 (o),
905 1721 943 1786 et
975 1711 1118 1788 Cristo·

103 1861 244 1959 phorus
261 1851 444 1937 Cellarins
471 1861 558 1962 (d),
580 1871 617 1936 et
640 1860 821 1937 Baltessar
839 1859 1020 1938 'Bahalius
1049 1863 1118 1959 (e)
1142 1846 1144 1858 ¹

106 1989 280 2065 Jamveto
310 1982 342 2062 si
368 1989 498 2089 primis
531 1973 720 2062 Ecclesiae
749 1987 905 2062 saeculis
936 1981 975 2062 in
994 1985 1121 2087 lllyri-

107 2141 184 2204 oo,
207 2115 243 2188 et
267 2111 465 2190 Germania
494 2103 593 2189 haud
611 2101 763 2188 deluere
775 2103 1004 2202 Christiani,
1029 2111 1121 2186 isto·

106 2261 193 2314 rum
224 2237 354 2316 saltem
390 2265 481 2316 cura
511 2252 622 2340 atque
656 2226 844 2340 diligentia
873 2247 1114 2340 propagatam

108 2361 250 2440 Christi
277 2361 388 2437 fidem
415 2359 517 2462 apud
539 2362 676 2437 Russos
707 2389 782 2436 non
818 2351 927 2440 valdo
968 2359 1121 2464 quidam

110 2491 302 2578 remotos,
329 2471 582 2584 conjecturam
606 2481 730 2560 facere
755 2480 908 2561 omnino
932 2483 1123 2564 debemus.

110 2609 261 2684 Etenim
282 2605 538 2708 Complures,
566 2617 609 2684 ut
648 2599 829 2706 Eusebius
865 2605 932 2709 (f)
974 2619 1125 2700 narrat,

140 2905 145 2912 ¹
212 2840 255 2914 (a)
276 2837 340 2896 Lib.
364 2855 390 2895 1.
406 2835 514 2897 eontra
531 2839 675 2898 Haereses
690 2817 815 2914 repeti.
829 2855 893 2915 pag.
907 2837 954 2915 49.
970 2837 1128 2899 ediutttas·

112 2939 192 2998 sueti
207 2977 217 2998 .

202 3039 258 3119 th)
280 3042 393 3102 Contra
411 3041 538 3104 Judaeos
564 3064 625 3122 cap.
645 3050 711 3106 VII.

218 3154 259 3226 (c)
279 3157 325 3212 De
345 3149 642 3235 Mcq'est.11iercrrclr.
662 3153 745 3212 Eool.
774 3152 844 3212 edit.
872 3169 944 3212 ann.
975 3148 1057 3233 1745.
1066 3171 1137 3228 cap..
1258 3181 1259 3184 ¹

117 3265 171 3319 lv.
192 3266 469 3320 sect.11.uum.1.
490 3253 553 3338 aas.
577 3263 644 3320 230.
666 3275 773 3336 etseq.
884 3307 887 3316 .

215 3361 259 3438 (d)
280 3363 354 3422 Diss.
374 3361 412 3422 de
432 3364 495 3422 init.
515 3363 648 3422 cultioris
665 3356 841 3421 Germanioi:
861 3381 944 3421 num.
964 3365 1055 3421 XXV.
1066 3379 1130 3437 pag.

91 3463 167 3542 591.
187 3478 217 3525 et
236 3481 319 3542 seqq.
337 3467 404 3525 edit.
425 3466 665 3524 Dissertationum
684 3457 753 3526 ann.
777 3487 863 3546 ¹7¹²·

223 3574 263 3646 (o)
283 3573 382 3654 Antiq.
407 3573 507 3630 Germ.
529 3571 610 3632 artic.
631 3577 669 3631 11.
689 3593 753 3650 pag.
774 3576 822 3632 32.
842 3589 873 3633 et
895 3593 954 3648 seq·
980 3577 982 3582 '

222 3710 272 3787 (s)
294 3707 367 3766 Hist·
389 3705 499 3766 Eccles.
521 3705 569 3763 lib.
589 3710 643 3764 111.
664 3725 726 3784 cap.
746 3711 895 3770 XXXVII.
