2830 4452
283 313 334 396 7²

265 423 358 493 aum
394 403 507 492 iatum
537 439 661 516 regem
690 421 828 492 vocant
857 411 1127 514 Mauroiycua‚
1149 418 1189 488 ot
1209 407 1286 492 Ra·

154 527 157 533 ’
263 542 388 619 etius:
419 553 457 618 at
485 541 666 644 quoniam
686 521 794 616 'unda
809 539 883 616 hoe
903 564 1038 614 nomeu
1053 538 1284 640 occeperint,
1346 556 1350 566 ¹

262 694 340 744 non
363 669 518 760 dicant,
539 691 651 767 penes
677 667 847 742 'auctores
872 664 963 742 tideo
983 665 1056 742 eit.
1080 666 1213 770 Neque
1240 693 1295 740 e·‚

261 790 341 865 nim
363 787 477 864 refert
497 785 702 887 disceptare
718 785 771 876 de,
793 785 972 878 nomine,
1001 810 1120 887 quum
1144 787 1281 887 explo-

264 924 387 987 ratum
411 912 487 1012 jem
515 920 552 986 et
578 908 730 986 minime
755 908 914 986 dubium
930 910 998 1001 sit,
1014 909 1124 986 illum
1149 935 1280 1010 regem

264 1032 540 1116 Votodimirum
554 1058 629 1108 nou
652 1057 750 1106 esee.
770 1032 864 1133 Quia
882 1058 971 1134 ergo
991 1031 1110 1124 aliua,
1140 1032 1172 1107 si
1188 1043 1282 1108 tunc

265 1182 414 1232 summo
435 1149 599 1256 imperio
630 1154 747 1230 totius
775 1155 930 1230 Ruesiae
970 1155 1071 1232 eolus
1096 1156 1284 1255 potiretur

202 1279 205 1285 Χ
265 1282 552 1362 Volodimirust
578 1281 761 1382 Quamvis
777 1281 907 1373 enim,
930 1289 971 1358 ut
1005 1284 1045 1359 iu
1073 1283 1281 1359 Rusaorum
1307 1349 1311 1354 .

261 1405 472 1482 Annalibus
496 1403 721 1495 continetur,
746 1402 842 1478 filios
857 1401 920 1480 hic
937 1430 1025 1480 suos
1047 1403 1087 1480 in
1115 1406 1276 1506 provie-

261 1531 338 1606 cias
365 1526 620 1620 distribuerit3
645 1525 807 1630 vicarios
823 1517 973 1618 tameo,
998 1553 1072 1602 ooo
1085 1529 1168 1627 xpari
1186 1528 1272 1604 ilios

264 1661 378 1750 atque
403 1675 441 1724 se
459 1642 639 1751 potestate
674 1673 749 1724 esse
777 1647 922 1728 voluit.
951 1651 1131 1744 Accedit,
1176 1651 1283 1752 quod

263 1772 388 1848 atatim
405 1781 490 1872 post
507 1769 731 1852 Volotlimiri
749 1773 864 1869 patris
884 1773 1165 1851 couversionem
1188 1775 1279 1850 uni-

265 1893 366 1974 verai
397 1917 549 1995 quoque
573 1891 647 1968 filii
675 1893 755 1994 ejus
769 1891 1040 1996 fuerantaquis
1058 1895 1279 1976 lustralibus

268 2018 407 2120 expiati
435 2019 541 2121 (kk).

362 2159 423 2247 41.
448 2148 576 2247 Quare
589 2155 692 2222 extre
709 2145 935 2224 Volodimiri
955 2147 1138 2228 familiam
1153 2176 1222 2230 rex
1238 2150 1289 2228 it-'

267 2267 304 2344 le
328 2254 600 2370 iterquireudus
624 2278 701 2360 eet,
727 2294 802 2346 nou
819 2282 921 2348 extra
940 2273 1112 2350 Ruasiam
1133 2285 1284 2356 tamen.

263 2389 309 2464 ld
340 2413 432 2468 vero
454 2388 608 2465 minime
636 2389 743 2464 nobis
774 2416 878 2490 spem
912 2393 1044 2470 adimit
1068 2396 1288 2475 inveniendi

268 2535 382 2600 eum,
410 2533 530 2610 quum
567 2508 769 2586 habeamus
794 2514 834 2586 iu
862 2523 1042 2613 promptu
1075 2518 1285 2618 quemdam

268 2632 495 2732 scriptorem
521 2629 622 2706 illiue
647 2631 786 2725 aetatis,
807 2635 873 2734 qui
904 2635 1005 2714 viam
1039 2643 1076 2710 et
1100 2627 1288 2720 rationem

206 2804 211 2812 ·
264 2758 434 2850 iudicat,
466 2782 542 2859 qua
574 2755 685 2834 facile
720 2759 843 2859 ipsum
874 2764 1038 2863 reperire
1069 2765 1285 2866 possimus.

267 2880 477 2960 Ademerua
497 2877 721 2958 Cabauensia
744 2880 808 2958 hic
835 2894 1072 2978 auctorest,
1099 2886 1166 2988 qui
1192 2913 1284 2966 aau-

267 3007 316 3082 cti
344 3005 528 3082 Martialis
540 3006 819 3086 'Levomicensis
834 3010 995 3108 primum
1007 3062 1023 3102 ,
1039 3011 1171 3090 deinde
1194 3039 1287 3090 aaa·

263 3133 314 3208 cti
332 3121 510 3232 Ep'arehii
525 3123 1036 3232 Eugoliameoais'Mouachus
1050 3136 1149 3214 fuit.
1174 3141 1286 3220 Haec

259 3268 386 3338 autem
409 3255 457 3332 de
472 3259 672 3351 Brunoue,
690 3281 804 3358 quem
824 3259 1056 3374 nominatum
1072 3264 1183 3342 etiam
1201 3269 1282 3345 Βο-λ

286 3445 1272 3488 W

365 3529 424 3612 (kk)
445 3533 604 3611 Micchion
622 3507 819 3600 uutsroun.
838 3538 903 3602 uie.
923 3527 963 3604 11.
983 3561 1046 3619 cap.
1066 3547 1119 3604 111.
1137 3613 1139 3617 ¹
