2836 4452
323 383 396 461 106

306 511 482 590 occurrit.
510 513 581 588 Rea
611 509 723 612 igitar
749 519 839 586 tune
855 487 1014 604 ecdem,
1038 535 1114 612 qne
1135 523 1240 590 antea
1259 511 1321 590 in·

307 647 412 712 erant
423 683 438 728 ‚
460 619 558 709 etn'tn
586 632 762 708 mauriane
786 632 985 710 dicendum
1012 647 1089 711 eet.
1112 638 1170 711 Ae
1192 661 1322 714 revere

310 765 454 860 praeter
477 755 580 830 ittam
609 753 826 854 legationem
851 757 1021 856 superius
1054 757 1112 856 (z)
1138 784 1321 835 memora·

307 893 384 955 tem
410 876 682 976 Episcoporum
710 876 864 951 Ioannis
895 877 1121 969 Placentini,
1160 890 1197 953 et
1235 883 1321 956 Ber·

300 1003 466 1083 nvrardi
491 1001 812 1100 wirciburgensis
824 1055 840 1096 ,
864 1004 930 1105 qui
955 1005 993 1078 in
1018 1005 1217 1078 Graeciam
1253 1033 1322 1079 an·

307 1125 461 1228 no1995.
486 1125 587 1200 missi
613 1125 744 1219 fnere3
764 1125 829 1201 itte
850 1138 1039 1226 tempere,
1063 1139 1106 1200 ut
1129 1127 1227 1224 epnd
1242 1129 1323 1204 Me·

306 1249 504 1326 billonium
542 1245 672 1328 videre
704 1259 760 1324 est
791 1249 829 1323 in
862 1249 988 1324 Temo
1019 1251 1083 1326 tv.
1118 1251 1323 1330 Annalium

304 1375 461 1455 Ordinis
496 1374 612 1450 sancti
645 1373 830 1450 Benedicti
845 1373 1095 1468 ,invenimus
1134 1375 1202 1450 itto
1230 1390 1323 1454 tem·

167 1507 196 1542 ·'
305 1493 400 1604 pore
425 1493 471 1578 et'
487 1502 639 1576 nattnos
663 1501 895 1592 Monachus,
910 1503 1039 1603 quiin
1064 1503 1323 1593 Orientem,et

308 1623 517 1702 Monachos
549 1623 732 1716 Graecos,
762 1625 829 1724 qni
864 1626 902 1697 in
926 1624 1171 1699 Occidentem
1204 1624 1322 1702 libere

307 1748 447 1842 etsine
467 1747 646 1848 scrupulo
676 1745 1047 1846 transmigraverunt.

399 1873 461 1977 64.
487 1877 660 1949 Attamen
686 1871 864 1947 Beronius
892 1869 938 1946 de
960 1870 1117 1947 Nicolao
1145 1869 1329 1973 chrysea

294 1996 417 2098 berge
446 1997 496 2072 ita
524 1997 691 2099 loquitur
718 1995 826 2094 (aa),
843 2003 885 2069 nt
909 1993 1106 2070 credidisse
1121 1990 1320 2088 videatur,

304 2149 349 2200 eo
379 2121 593 2204 patriarcha
629 2117 1074 2220 constantinopolitanam
1107 2119 1314 2199 Ecclesiam

302 2277 324 2326 e
349 2248 616 2326 communione
641 2247 879 2349 Apostolicae
893 2245 989 2321 aedis
1009 2247 1165 2322 alienam
1184 2245 1310 2322 fuisse.

302 2373 429 2468 Motus
445 2370 624 2446 Beroniue
638 2365 692 2445 eat
706 2372 844 2472 pertint
859 2369 1199 2462 acclamationibus,
1214 2397 1313 2472 qnne

298 2495 472 2596 leguntur
503 2495 541 2570 in
561 2495 652 2571 Jure
671 2496 1015 2572 Graece-Romano
1038 2507 1121 2598 post
1149 2477 1311 2572 Tomum

298 2624 452 2698 uanae
468 2621 568 2722 apud
593 2619 863 2700 Lennclaviurn
887 2619 996 2719 (bb),
1012 2645 1056 2695 eo
1071 2619 1174 2723 quod
1198 2621 1238 2696 in
1260 2621 1311 2696 it-

298 2745 344 2822 lis
369 2745 522 2821 Photinr
545 2746 641 2824 inter
665 2745 895 2830 Petriarchea
917 2743 1145 2852 orthodoxos
1178 2771 1308 2824 recen·

286 2879 438 2961 -eeetnr3
463 2869 598 2970 partim
630 2893 721 2948 vero
745 2870 856 2945 dictis
884 2867 1004 2944 Marci
1029 2867 1202 2970 Ephesii,
1237 2871 1308 2969 qui

155 3049 158 3056 -
298 2995 338 3070 in
367 2991 629 3086 OEcumenica
654 2991 863 3068 Florentine
880 2990 1032 3103 synodo
1055 2990 1213 3066 cessione
1238 2995 1310 3073 VI.

372 3434 414 3504 (r)
434 3435 501 3504 Cap.
523 3436 558 3490 ν’.
580 3452 660 3491 nune.
682 3451 729 3510 ²9.

370 3537 433 3607 (aa)
454 3532 493 3590 Ad
513 3553 579 3593 ann.
601 3533 669 3613 995.
688 3530 771 3594 anm.
793 3541 870 3598 XVI.
905 3552 936 3598 et
954 3556 1035 3618 seqq.

373 3640 430 3718 (bt)
452 3644 517 3715 Pet·
541 3640 605 3700 108·
904 3657 907 3664 ’
