2836 4452
139 429 293 510 adducti
312 429 474 524 inerint,
489 439 532 509 ut
558 429 757 512 evaderent
775 429 1003 526 Christiani,
1026 434 1066 536 in
1082 458 1161 512 me·

143 555 304 631 moriana
334 553 555 659 redeamus.
591 555 675 631 Post
697 555 837 630 saeculi
877 554 1016 632 decimi
1041 553 1158 631 'atmi-

140 681 272 772 dium,
294 705 360 756 seu
386 679 512 781 potius
543 692 628 756 ante
655 679 821 791 ejusdem
848 681 985 756 saeculi
1012 679 1125 756 finem
1140 732 1158 773 ,

143 817 182 881 ct
205 803 277 882 aub
308 805 415 880 initio
444 804 654 899 undecimi,
677 815 720 880 ut
743 831 789 881 ex
810 805 917 884 dictis
941 815 1053 906 patet,
1070 809 1159 880 Rus·

142 929 175 1004 ai
201 927 453 1004 Christianam
484 931 596 1005 fidem
625 957 645 1005 a
676 929 829 1004 Graecis
844 981 859 1021 ,
893 941 979 1006 eta
1016 919 1158 1006 Licinia

94 1082 98 1087 ·
144 1050 269 1132 edocti
302 1067 399 1132 aunt.
424 1057 630 1132 Ordiernur
665 1065 832 1134 autema
857 1059 1022 1150 Latinis,
1056 1080 1157 1158 quo·

147 1203 237 1255 rum
262 1178 443 1256 industria
470 1179 629 1254 salutare
651 1203 747 1280 opus
772 1178 848 1278 jam
874 1205 896 1252 a
924 1179 1076 1254 Graecis
1099 1177 1159 1252 in·

150 1311 327 1402 coeptum
353 1300 461 1402 quasi
484 1301 698 1378 absolutum
723 1301 888 1404 quodam
910 1301 1024 1376 modo
1051 1311 1118 1382 est.

247 1429 310 1544 ὄρ.
337 1428 407 1503 Sed
436 1427 513 1503 otio
536 1427 639 1506 abuti
670 1427 912 1520 videremur,
935 1428 966 1504 ei
991 1425 1037 1502 ad
1070 1451 1175 1526 per-s

145 1535 382 1650 suadendum
408 1553 472 1646 id,
502 1553 606 1655 quod
628 1551 768 1632 omnes'
792 1551 930 1630 habere
955 1553 1158 1656 persuasis·

143 1661 283 1800 aimuph
307 1675 468 1767 dehent,
497 1689 717 1776 argumenta
746 1675 1025 1769 adhiberemus,
1052 1674 1158 1764 Lati-

140 1799 403 1890 noadidelicet
425 1802 564 1876 Ruesoa
587 1801 737 1880 Christo
759 1801 924 1902 genuisse
949 1799 1158 1878 Cathadrae

144 1907 247 2000 Petit
268 1923 536 2024 agglutinatus.
557 1924 658 1999 ltalia
675 1950 752 2000 non
770 1925 915 2016 solum,
927 1948 1059 1999 verum
1086 1923 1157 1996 Po-

143 2026 246 2126 luula
271 2049 406 2142 etiam,
430 2059 542 2150 atque
562 2049 762 2126 Germania
773 2073 825 2140 ,e
850 2047 988 2149 quibua
1003 2047 1041 2122 in
1063 2046 1158 2119 Rus·

148 2177 244 2252 siam
276 2174 471 2277 Evangelii
505 2199 707 2277 praecones
733 2173 966 2276 Reipbernua
983 2227 995 2262 ,
1010 2207 1012 2212 ·
1029 2173 1156 2246 Bruno

144 2299 387 2392 Boniiacius,
413 2310 451 2374 et
476 2299 570 2375 socii
597 2297 677 2400 ejus
702 2297 909 2374 octodecim
936 2294 1158 2382 missisunt,

142 2433 383 2535 Apostolicae
415 2430 494 2508 sedi
519 2431 747 2508 strictissimo
777 2418 858 2506 tum
887 2427 1161 2539 consociehan··

143 2573 219 2641 tur.
246 2559 399 2637 Nemini
416 2552 591 2664 ¹unquam
614 2555 661 2634 de
686 2556 759 2634 hoo
787 2557 982 2646 dubitare,
1008 2564 1156 2630 auten·

143 2682 282 2782 spicari
318 2679 421 2760 veuit
459 2680 499 2754 iu
527 2689 715 2755 mentem.
747 2679 807 2755 Ac
838 2704 968 2756 revera
1006 2675 1157 2752 unionis

142 2810 251 2884 iatius
266 2809 392 2884 omnia
407 2804 678 2909 propemodum
692 2801 933 2881 ecclesiastica
945 2803 1045 2880 illiue
1057 2810 1158 2877 aeta·

144 2935 193 3009 tie
218 2943 456 3040 monumenta
480 2933 732 3009 testimouium
754 2928 962 3033 perhibent.
984 2931 1111 3031 Quare
1121 2936 1159 3002 et

21 3085 24 3092 ’
144 3059 282 3150 Ruasi,
319 3057 386 3158 qui
414 3053 605 3134 numinis
634 3055 709 3132 illia
732 3055 794 3136 vel
821 3051 898 3130 nati
922 3045 1158 3140 Christiani,

145 3181 208 3258 vel
238 3182 322 3270 alti,
347 3191 384 3255 et
407 3181 574 3258 roborati
603 3157 733 3272 eunt,
751 3180 871 3258 eidem
896 3175 975 3255 sedi
1000 3182 1159 3278 Aposto-

141 3305 236 3380 licae
262 3302 427 3402 copulati
452 3303 619 3380 adstricti
640 3311 677 3379 et
701 3304 826 3380 inserti
843 3312 939 3379 sunt.
966 3300 1076 3380 Certe
1090 3296 1159 3396 qui

139 3431 373 3529 primitivam
406 3431 617 3508 Ruasorum
659 3433 836 3513 unionem
868 3457 959 3520 oum
989 3430 1158 3506 Romana

140 3556 308 3632 Ecclesia
334 3568 585 3656 negaverunt,
609 3557 827 3660 neutiquam
846 3557 874 3632 ii
886 3553 1099 3657 cogitarunt
1112 3545 1160 3625 da
