2830 4452
491 449 766 534 GAPUT
814 451 864 532 V.

272 693 433 784 Praeter
462 705 644 794 Graecos]
663 704 784 782 Russi
810 702 883 778 sub
908 701 1014 780 initio
1029 697 1188 778 cbnuer-

171 834 292 911 sionis
316 855 412 908 suae
439 833 595 908 [rutinae
617 827 733 906 etiam
755 832 957 928 magistros
977 842 1017 904 et
1033 829 1186 904 institu-

170 969 273 1035 tores
301 960 535 1034 babuerunt.
557 958 769 1054 Refertur,
797 969 839 1030 et
862 955 1076 1032 illustratur
1091 955 1185 1028 Dit-

169 1085 265 1158 mari
288 1071 550 1156 testimonium*
572 1080 621 1154 de
652 1079 843 1154 laboribus
867 1078 1183 1176 ReinberniRpi·

167 1215 279 1299 scopi
306 1206 598 1305 wibergensis·
627 1205 717 1280 Dtto
753 1207 907 1290 insuper
940 1205 1181 1296 testimonia,

167 1327 329 1403 alterum
359 1327 530 1423 ejusdem
555 1328 723 1401 Ditmari
744 1327 792 1402 de
817 1331 1026 1417 Rntnone,
1047 1336 1085 1400 et
1116 1351 1182 1400 so·

167 1453 239 1524 ciis'
266 1455 352 1542 eju's
379 1449 605 1540 octodecim,
632 1450 794 1524 alterum
810 1451 918 1523 Petri
935 1453 1180 1529 Damianide

165 1574 398 1668 Bonifacia.
429 1575 555 1647 Unum
570 1573 820 1670 eumdemque
839 1573 1029 1648 bominem
1045 1569 1176 1667 luisse

161 1704 413 1792 Brunonem,⁴
435 1714 476 1776 et
495 1702 740 1794 Bonifizcium
767 1700 1008 1778 ostenditur.
1028 1705 1178 1802 Dfflci·

160 1825 209 1898 lis
242 1827 427 1898 Damiani
458 1825 605 1915 iocus,
636 1827 800 1899 adducto
828 1828 1053 1922 praesertim
1089 1827 1173 1901 ioa'o

163 1947 356 2024 Ademon'
380 1947 640 2038 Gabcneusis,
658 1945 831 2040 perbelle
858 1946 1083 2037 explicatur,
1098 1949 1176 2022 Mi,-

164 2092 248 2142 rum
277 2075 316 2142 tn
343 2069 495 2144 modum
524 2093 549 2141 a
582 2071 729 2142 Datinis
749 2080 922 2166 promota
953 2068 1172 2150 Russoru'rn

160 2192 354 2266 conversio
376 2203 437 2267 est
454 2229 468 2266 .·
500 2190 563 2266 De
581 2192 814 2268 Graecorum
834 2189 994 2280 ritibus,
1017 2214 1115 2287 quos
1144 2215 1170 2265 a

149 2315 336 2413 principio
364 2314 437 2390 sibi
456 2316 582 2390 Russi
604 2315 900 2411 adoptaverunt.
924 2337 1030 2393 uum.
1056 2312 1118 2390 ao.

455 2563 728 2641 CAPUT
776 2565 899 2644 VL·

245 2791 295 2882 In
324 2810 524 2886 Romanae
560 2811 663 2888 sedis
692 2813 955 2888 communione
983 2813 1109 2890 Russi
1138 2839 1163 2890 a

144 2931 301 3009 Graecis
328 2957 478 3033 aeque,
504 2948 621 3034 atque
650 2963 675 3013 o
689 2943 839 3014 Latinis
861 2941 1019 3018 Christo¹
1037 2945 1165 3038 geniti

134 3054 301 3149 fuerunt
321 3045 487 3154 .'!gitur
506 3062 693 3152 Graecas,
708 3061 848 3138 nedum
863 3065 1048 3153 Latinos,
1064 3077 1171 3143 tunc-

133 3183 265 3278 suisse
299 3183 422 3260 eidem
450 3187 537 3260 sedi
560 3191 761 3284 Romanae
791 3191 918 3263 unitos
946 3192 1157 3286 probatur:
1197 3263 1200 3269 .

140 3305 254 3403 idque
271 3309 420 3409 magis,¹
435 3321 515 3384 toto
532 3308 596 3384 illa
616 3323 798 3402 tempore,
815 3312 921 3409 cuod
935 3317 1035 3388 inter
1049 3315 1154 3389 Pbo-

138 3433 267 3522 ίὶιιηι,
302 3445 417 3530 atque
448 3435 691 3512 Gerularium
723 3439 944 3530 interfluit,
988 3442 1156 3514 schisma

135 3574 342 3654 numquam
366 3559 465 3638 inter
486 3565 690 3656 Latinam,
716 3577 756 3640 et
789 3561 973 3642 Graecam
1008 3565 1150 3642 Eccle-
