2830 4452
280 356 333 408 to

257 472 294 536 tn
323 457 433 533 etiam
451 479 571 555 ,quae
598 450 657 530 vel
674 449 832 526 maxime
856 449 1080 529 videbantur
1105 481 1271 534 necessa·
1409 524 1413 530 .

256 586 338 677 rin,
362 577 712 682 praetermiserunt.
751 577 830 651 Nos
861 576 985 677 itaquo
1015 605 1097 654 ram
1137 606 1275 658 novam

258 736 332 783 nou
353 731 481 782 sumus
508 703 682 801 aggressi,
710 701 775 776 sed
805 727 940 776 novam
957 703 1078 779 lucem
1092 705 1161 778 rati
1178 705 1273 780 alio-

253 861 343 912 rum
369 831 477 908 dictis
502 828 625 904 afferri
654 852 786 926 posse,
815 826 920 902 istam
945 827 1165 904 elucubrare
1202 829 1277 904 dis-

258 941 493 1036 sertationem
522 952 728 1029 amicorum
758 976 909 1051 quoque
928 951 1090 1026 consiliis
1106 955 1197 1028 moti
1212 956 1278 1030 da·

257 1080 467 1158 crevimus.
492 1075 611 1149 Porro
636 1099 678 1148 ea
703 1070 965 1162 solummodo,
1010 1099 1108 1173 quae
1153 1102 1277 1166 vara,

258 1212 322 1278 aut
353 1225 448 1303 quae
474 1197 607 1272 similia
652 1193 734 1271 veri
765 1202 882 1284 sunt,
922 1203 1102 1292 perpetuo
1141 1198 1275 1271 sectari

258 1354 328 1404 nos
354 1327 400 1401 ab
428 1323 534 1398 initio
556 1319 796 1422 profitemur.
813 1317 915 1393 Num
933 1328 1057 1394 autem
1085 1318 1142 1392 his
1164 1346 1271 1397 reve·

256 1478 299 1528 ra
324 1448 511 1549 promissis
538 1445 771 1536 steterimus,
802 1445 960 1520 aliorum
988 1444 1171 1544 judicium
1196 1447 1273 1522 sit.

258 1579 327 1652 sed
350 1574 428 1676 jam
454 1561 502 1649 a‘trl
525 1596 605 1646 rem
630 1570 750 1670 ipsam
778 1569 1021 1646 accedamus.

360 1720 397 1771 a.
421 1695 481 1770 Ao
511 1693 634 1793 primo
662 1716 797 1791 operae
822 1690 982 1791 pretinm
1006 1689 1170 1765 facturos
1190 1705 1271 1766 cra-

262 1819 388 1898 dimus
404 1872 418 1913 ,
460 1819 492 1892 si
531 1815 783 1920 quaestionem
812 1815 938 1906 illam,
981 1825 1106 1890 utrum
1135 1817 1276 1892 scilieet

260 1941 451 2044 prioribus
479 1939 665 2015 Ecclesiae
692 1937 850 2016 saeculis
874 1939 912 2012 in
930 1938 1101 2014 Rosciam
1126 1965 1276 2039 qnoque
1413 1937 1414 1942 ’

262 2067 375 2143 inlata
397 2062 513 2141 fueril
533 2056 742 2142 Christiana
772 2064 922 2164 religio,
946 2064 1094 2156 statim,
1118 2091 1161 2140 ac
1187 2065 1275 2140 bro-

261 2193 360 2271 viter
386 2191 630 2289 attingamus.
672 2190 738 2262 Est
773 2203 862 2286 ergo
903 2186 995 2261 haec
1026 2186 1127 2261 eirca
1171 2181 1277 2261 illam

262 2316 514 2414 quaestionem
551 2311 677 2412 opinio
718 2321 869 2384 nostra.
908 2308 1092 2408 Quamvis
1130 2308 1270 2384 incerta

264 2437 363 2528 sint,
380 2436 440 2516 val
457 2459 608 2528 prorsus
627 2430 798 2526 fabulosa
819 2430 997 2530 ploraque
1017 2431 1163 2523 omniu,
1178 2456 1274 2531 quae

261 2559 309 2634 do
326 2568 495 2635 veterum
520 2558 726 2631 Russormn
744 2554 849 2652 gestis
869 2562 1090 2643 narrantur:
1118 2555 1157 2626 in
1171 2555 1271 2628 Rus-

265 2682 356 2756 sium
387 2692 510 2754 tamen
545 2683 727 2755 invectam
753 2675 884 2774 primis
911 2673 1065 2748 saeculis
1095 2672 1280 2750 Christia-

263 2828 349 2876 nam
376 2800 486 2875 iidem
517 2798 630 2873 luisse
654 2797 764 2875 valde
795 2796 986 2896 probabile
1001 2795 1277 2896 est.quidem

261 2928 310 3002 ab
338 2924 555 3028 Apostolis,
581 2949 787 3024 eorumque
812 2923 1007 3022 discipulis
1021 2925 1279 3024 praedicatum

261 3051 402 3130 Christi
427 3050 671 3152 Evangelium
700 3050 915 3150 regionibus
939 3053 1094 3128 Russiao
1114 3049 1281 3126 finitimis

263 3201 374 3252 nemo
392 3173 639 3250 inficiabitur.
669 3173 763 3250 Satis
787 3183 879 3248 esset
898 3171 944 3248 de
962 3172 1114 3275 Illyrico
1125 3230 1138 3266 ,
1170 3200 1214 3250 ac
1231 3173 1279 3248 de

264 3302 464 3378 Germania
488 3301 715 3378 meminisse.
738 3303 850 3380 Corte
876 3327 964 3378 oum
989 3303 1025 3376 in
1050 3303 1275 3401 ActisApo·

260 3426 464 3519 stolorum,
490 3437 572 3502 tum
601 3427 640 3500 in
655 3425 829 3527 Epistolis
843 3426 950 3503 Pauli
975 3427 1191 3527 provinciae
1216 3425 1266 3498 ll·-

263 3548 374 3652 lyrici
396 3549 531 3650 passim
555 3564 922 3630 commemorantur.
956 3549 1018 3628 Ao
1033 3550 1275 3628 Germaniam
