2836 4452
176 342 179 349 ’
268 319 313 384 f!

232 427 234 432 ’
263 313 466 520 lotiitniro,
485 423 523 505 'et
545 420 678 512 Russis
703 419 895 525 plerisque
913 419 1089 500 emamus
1111 429 1288 522 suseepta

265 553 409 632 Christi
432 551 522 628 fides
540 563 606 641 eat,
632 547 1082 649 constantinopolitanam
1107 558 1292 626 rexerunt

202 758 203 764 ,
267 673 498 769 Ecclesiam,
527 673 761 752 Petrinrehas
792 671 861 748 hos
886 699 1013 748 omnes
1038 671 1288 774 Apostolioae

269 799 349 878 sedi
380 797 493 874 fuisse
522 795 707 887 devotos,
731 795 921 895 persuasio
944 795 1008 870 illa
1028 791 1178 893 Leonis„
1190 795 1282 889 1Χ.’,Ξ

268 933 306 1000 et
332 923 493 1000 aliorum
519 919 566 998 de
593 920 758 999 novitate
772 917 979 996 schismatis
991 920 1039 995 ab
1061 916 1192 994 eodem
1209 917 1291 994 Ce-

268 1047 413 1127 rulario
438 1047 529 1124 facti
546 1046 799 1123 demonstrat.'
813 1045 931 1146 Atqui
957 1043 1030 1120 hoc
1053 1043 1291 1121 demonstra·

270 1197 314 1249 re
342 1172 452 1249 nobis
473 1171 513 1247 in
542 1171 615 1248 isto
641 1174 764 1271 eapite
789 1182 880 1246 erat*
895 1173 1157 1272 propositum,
1179 1169 1292 1253 vida-

272 1297 359 1376 licet
382 1322 458 1374 non
481 1296 633 1372 Latinos
649 1294 789 1388 modo,
805 1293 852 1369 de
878 1295 1016 1394 quibus
1038 1321 1148 1372 nemo
1172 1297 1290 1376 dubi·

268 1421 364 1500 tavit
389 1445 578 1522 unquam,
597 1417 660 1494 sed
687 1417 797 1492 etiarn
821 1417 1002 1511 Graecos,
1020 1429 1149 1495 eontra
1174 1447 1301 1527 qnam

271 1545 390 1648 aliqui
404 1543 692 1636 senserant‚illo
710 1547 893 1642 tempore,
911 1569 987 1646 quo
1006 1543 1116 1622 Rusti
1137 1545 1290 1624 fuerant

272 1669 322 1746 ab
357 1669 526 1768 utrisque
557 1664 807 1743 Christianam
843 1666 956 1741 fidem
995 1665 1152 1760 edocti,
1188 1669 1290 1745 Petri

269 1785 479 1866 (lathedree
502 1784 647 1864 deditos
671 1798 710 1864 et
733 1789 929 1864 obstrictos
957 1787 1088 1864 luisse.
1112 1791 1196 1865 Hoc
1220 1818 1290 1868 au,

264 1921 341 1991 tem
374 1939 442 1991 nos
468 1919 664 2024 postquam
693 1913 883 2017 attigimus
922 1917 1149 2015 generatim,
1180 1915 1289 1994 Con-

266 2034 616 2134 stantinopolitanos
638 2035 857 2112 eorumdem
882 2045 1095 2136 temporum
1123 2037 1289 2115 Patriarae

211 2214 213 2218 -
269 2158 360 2238 chus
393 2159 585 2260 sigillatim
612 2161 915 2262 percensuimus,
942 2170 979 2235 et
1008 2162 1127 2237 nihilo
1160 2163 1290 2240 minus

266 2297 392 2362 tamen
419 2281 626 2363 foedatum
643 2285 840 2362 schismate
860 2311 908 2362 ex
935 2287 988 2362 eis
1012 2289 1207 2387 potuimus
1220 2313 1287 2365 re·

265 2415 390 2516 perire
421 2413 639 2492 neminem.
666 2412 747 2488 Neo
775 2437 865 2508 nero
889 2437 970 2488 rem
996 2412 1104 2488 istam
1129 2413 1286 2512 perfun-

267 2539 386 2614 ctorie
404 2537 648 2615 tractavimus
667 2537 729 2616 vel
755 2539 979 2636 oscitanter:
1004 2538 1062 2613 nsi
1090 2539 1190 2614 enim
1219 2564 1286 2615 su-

267 2681 353 2734 mus
376 2657 599 2750 veteribus,
628 2658 848 2760 selectisque
879 2657 1155 2750 monumentis,
1186 2685 1286 2761 quo-

270 2803 358 2857 rum
372 2781 453 2859 losa
470 2782 582 2859 modo
598 2781 845 2860 indicavimus
859 2789 1016 2872 tantum,
1033 2781 1287 2876 modoetiam,

270 2905 387 2982 immo
413 2930 550 3008 saepe,
581 2906 622 2983 in
646 2905 813 2982 medium
851 2907 1145 3006 proposuimus;
1186 2933 1285 3009 quae

267 3045 367 3108 oerte
390 3043 432 3110 ut
455 3031 591 3136 aliquis
619 3031 791 3124 videbit,
812 3031 935 3108 statim
958 3031 1068 3132 plano
1091 3032 1285 3134 intelliget,

269 3152 456 3233 nihil'nns
481 3159 700 3252 obscurum,
718 3155 815 3234 nihil
845 3159 1036 3259 ineptum,
1059 3157 1153 3233 nibil
1178 3157 1282 3261 quod

163 3291 164 3294 ’
271 3277 322 3356 ed
353 3301 433 3356 rem
460 3305 537 3356 non
554 3279 732 3374 laceret,
760 3279 945 3357 attulisse.
985 3281 1225 3381 Quapropter
1250 3281 1284 3356 si

268 3413 347 3482 tota
374 3405 495 3482 oratio
527 3416 651 3484 nostra
672 3406 783 3484 cartis
803 3407 914 3483 'hisce
943 3406 1135 3508 firmisque
1150 3387 1314 3484 αιίοῐο-ΙΙ

269 3528 445 3626 nitatibus
465 3553 620 3622 omnem
635 3530 707 3612 sibi
722 3531 836 3616 fidem
852 3531 1066 3638 confirmat,
1079 3549 1193 3634 quem
1207 3553 1284 3608 non
1311 3527 1314 3534 '
