2830 4452
1065 369 1121 468 0'o

120 496 298 576 Germani
312 495 368 574 iili
377 485 589 598 scriptores,
603 495 669 597 qui
690 497 924 588 Brunonern,
954 507 991 570 er
1011 497 1126 574 Boni-

117 621 259 698 facium
289 617 462 697 eumdem
480 645 599 696 uuum
624 617 814 696 homiuem
855 614 1025 710 fuciunt,
1055 617 1128 718 ipsi

116 769 270 848 quoque
294 739 372 818 fere
386 766 512 816 omues
530 742 749 841 processisse
774 765 861 820 eum
889 738 934 826 ud
952 739 1126 816 Russiam

112 897 232 972 usque
248 867 412 969 perbelle
426 868 616 946 declarent
636 919 646 942 .
665 868 814 942 Etenim
838 863 1025 944 Chronica
1050 865 1127 942 duo

114 995 459 1096 Magdehurgense,
475 1007 511 1070 et
535 993 875 1095 Quidlinburgsnse
891 994 931 1066 in
947 993 1120 1096 corfinio·

113 1123 299 1213 Russiue,
319 1133 359 1198 et
372 1123 537 1198 Lithuue
552 1125 763 1198 Brunouem
777 1120 885 1198 ilium
894 1121 1129 1198 Bonifseium

114 1245 299 1348 martyrio
325 1245 500 1324 effectum
528 1255 705 1322 uerrunt:
743 1241 821 1318 duo
857 1253 981 1318 sutem
1009 1246 1127 1320 Saxo·

112 1393 185 1442 nes
208 1365 555 1466 chronographus,
581 1373 619 1442 et
648 1365 842 1442 Annsiists
872 1363 995 1464 primo
1011 1364 1122 1442 illum

111 1489 316 1591 perrexisse
356 1490 396 1564 iu
426 1491 645 1582 Prusiam,
696 1472 823 1590 ibique
860 1485 954 1564 nihii
996 1486 1126 1590 profe·

115 1615 208 1692 uisse
246 1613 432 1708 trutinum
474 1624 601 1715 postea
640 1642 733 1694 vero
776 1616 974 1693 scribunt:
1018 1621 1130 1692 Turro

111 1741 153 1814 in
176 1740 342 1838 confinio
362 1739 578 1840 praedictos
589 1725 760 1840 regionis
774 1793 790 1836 ‚
806 1755 845 1818 et
863 1744 1034 1819 Rusoiae
1056 1757 1127 1836 ,et

108 1866 351 1944 Lituneoum
368 1867 630 1965 pruedrearet.
661 1921 672 1936 .
697 1919 708 1943 .
726 1869 885 1967 ‘eapitur
898 1895 915 1961 ,·
938 1869 1097 1944 deinde.
1115 1917 1128 1942 .

107 2042 120 2066 .
153 2039 164 2063 .
193 1993 315 2088 cupite
338 1986 501 2088 plexus.
526 1989 666 2064 Omnes
689 2011 735 2063 ex
756 1985 917 2065 Ditmrri
938 1990 1126 2065 terruisse

109 2112 407 2214 exscripserunt.
447 2110 519 2188 ssd
546 2109 733 2186 Prussism
762 2109 1019 2188 tantummodo
1031 2161 1047 2202 ,
1086 2122 1124 2186 et
1155 2187 1169 2214 Ι

108 2235 280 2316 Russiem
316 2213 507 2310 Ditmarus
533 2233 815 2312 nominaverat:
858 2231 1051 2310 hiantem
1085 2241 1123 2308 et

110 2361 324 2438 Litusuium
352 2360 545 2462 adjecere.
579 2359 750 2436 Proiecto
762 2412 778 2453 ,
805 2356 1123 2462 quemadmodum

110 2485 225 2563 docet
264 2481 457 2584 Philippus
484 2483 686 2562 Cluverius
708 2483 793 2584 (dd)
821 2513 831 2558 r
869 2485 993 2559 Russi
1016 2481 1126 2556 nullo
1155 2527 1156 2532 =

112 2636 294 2712 umquam
317 2635 411 2687 neon
424 2632 542 2712 prope
565 2608 764 2688 Prussinni
788 2611 1055 2688 incoluerunt:
1086 2616 1126 2683 st

108 2737 295 2834 bene’per
329 2733 538 2808 Litueniam
560 2757 584 2806 a
612 2732 757 2807 Prussis
783 2733 832 2808 ed
847 2733 1018 2810 Russiem
1030 2733 1118 2809 itur.
1181 2718 1183 2730 ¹

107 2861 351 2962 Quum-ergo
372 2855 428 2931 illi
457 2853 660 2954 Scriptores
686 2878 763 2928 non
775 2855 964 2932 Prussism
987 2856 1122 2951 modo,
1213 2876 1216 2885 “

109 2996 220 3086 atque
241 2981 413 3060 Russism
427 2981 524 3074 ,sed
547 2977 759 3056 Litusnium
782 3007 933 3083 quoque
974 3009 1118 3058 memo·

105 3109 274 3189 severint
294 3161 310 3200 ,
331 3134 454 3182 nonne
487 3105 557 3182 iter
588 3103 866 3206 quodammodo
883 3104 1120 3206 descripsisse

107 3231 313 3336 videntur,
340 3253 417 3328 quo
437 3253 459 3301 a
484 3227 629 3304 Prussie
645 3226 703 3302 'sd
720 3227 890 3304 Russiam
905 3227 1030 3304 Bruuo
1048 3234 1121 3306 Bo-

105 3355 267 3434 nifseius
296 3353 486 3453 profectus
514 3361 567 3428 est
581 3354 598 3426 ?
613 3355 665 3428 Ut
691 3339 813 3427 autern
828 3352 943 3446 ethi,
968 3364 1005 3428 et
1032 3354 1119 3433 Dit-

163 3560 167 3568 i
206 3607 271 3685 (du)
294 3610 394 3668 Germ·
414 3604 504 3688 untiq-
524 3603 588 3663 uio.
606 3607 661 3665 111.
681 3621 743 3680 sev.
758 3609 865 3678 XLle
