<?xml version="1.0" encoding="UTF-8"?>
<!DOCTYPE html PUBLIC "-//W3C//DTD XHTML 1.0 Transitional//EN"
    "http://www.w3.org/TR/xhtml1/DTD/xhtml1-transitional.dtd">
<html xmlns="http://www.w3.org/1999/xhtml" xml:lang="en" lang="en">
 <head>
  <title>
</title>
<meta http-equiv="Content-Type" content="text/html;charset=utf-8" />
  <meta name='ocr-system' content='tesseract 3.04.00' />
  <meta name='ocr-capabilities' content='ocr_page ocr_carea ocr_par ocr_line ocrx_word'/>
</head>
<body>
  <div class='ocr_page' id='page_1' title='image "./dissertatiodeor00vicagoog_0090.png"; bbox 0 0 2836 4452; ppageno 0'>
   <div class='ocr_carea' id='block_1_1' title="bbox 129 353 1146 577">
    <p class='ocr_par' dir='ltr' id='par_1_1' title="bbox 129 353 1146 577">
     <span class='ocr_line' id='line_1_1' title="bbox 129 353 1146 577; baseline 0.006 -27"><span class='ocrx_word' id='word_1_1' title='bbox 129 496 187 550; x_wconf 70' lang='lat' dir='ltr'><strong>nu⁴</strong></span> <span class='ocrx_word' id='word_1_2' title='bbox 211 420 298 576; x_wconf 47' lang='grc' dir='ltr'><strong>ἐν.</strong></span> <span class='ocrx_word' id='word_1_3' title='bbox 314 531 332 568; x_wconf 90' lang='grc'><strong>,.</strong></span> <span class='ocrx_word' id='word_1_4' title='bbox 343 471 462 577; x_wconf 86' lang='lat' dir='ltr'><strong>quum</strong></span> <span class='ocrx_word' id='word_1_5' title='bbox 476 477 583 554; x_wconf 85' lang='lat' dir='ltr'><strong>Geitz</strong></span> <span class='ocrx_word' id='word_1_6' title='bbox 593 533 606 572; x_wconf 87' lang='lat'><strong><em>,</em></strong></span> <span class='ocrx_word' id='word_1_7' title='bbox 625 473 720 572; x_wconf 75' lang='lat' dir='ltr'><strong>sen,</strong></span> <span class='ocrx_word' id='word_1_8' title='bbox 747 487 800 555; x_wconf 82' lang='lat' dir='ltr'><strong>nt&#39;</strong></span> <span class='ocrx_word' id='word_1_9' title='bbox 813 489 971 559; x_wconf 81' lang='lat' dir='ltr'><strong>vocetur</strong></span> <span class='ocrx_word' id='word_1_10' title='bbox 985 479 1033 556; x_wconf 86' lang='lat' dir='ltr'><strong>eb</strong></span> <span class='ocrx_word' id='word_1_11' title='bbox 1049 353 1146 574; x_wconf 46' lang='lat' dir='ltr'><strong>aliti}</strong></span> 
     </span>
    </p>
   </div>
   <div class='ocr_carea' id='block_1_2' title="bbox 131 596 1144 823">
    <p class='ocr_par' dir='ltr' id='par_1_2' title="bbox 131 596 1144 823">
     <span class='ocr_line' id='line_1_2' title="bbox 140 596 1143 704; baseline 0.007 -33"><span class='ocrx_word' id='word_1_12' title='bbox 140 597 252 672; x_wconf 83' lang='lat' dir='ltr'><strong>Geisn</strong></span> <span class='ocrx_word' id='word_1_13' title='bbox 275 596 446 697; x_wconf 73' lang='lat' dir='ltr'><strong>regnaret</strong></span> <span class='ocrx_word' id='word_1_14' title='bbox 466 601 578 698; x_wconf 79' lang='lat' dir='ltr'><em>(pp).</em></span> <span class='ocrx_word' id='word_1_15' title='bbox 614 607 739 678; x_wconf 86' lang='lat' dir='ltr'><strong>Brnno</strong></span> <span class='ocrx_word' id='word_1_16' title='bbox 765 613 889 679; x_wconf 87' lang='lat' dir='ltr'><strong>eutem</strong></span> <span class='ocrx_word' id='word_1_17' title='bbox 918 603 1004 694; x_wconf 77' lang='lat' dir='ltr'><strong>itte,</strong></span> <span class='ocrx_word' id='word_1_18' title='bbox 1029 613 1143 704; x_wconf 85' lang='lat' dir='ltr'><strong>quein</strong></span> 
     </span>
     <span class='ocr_line' id='line_1_3' title="bbox 131 723 1144 823; baseline 0.002 -26"><span class='ocrx_word' id='word_1_19' title='bbox 131 723 346 797; x_wconf 79' lang='lat' dir='ltr'><strong>Ademsrns</strong></span> <span class='ocrx_word' id='word_1_20' title='bbox 371 731 521 798; x_wconf 81' lang='lat' dir='ltr'><strong>testetur</strong></span> <span class='ocrx_word' id='word_1_21' title='bbox 537 723 577 797; x_wconf 90' lang='lat' dir='ltr'><strong>in</strong></span> <span class='ocrx_word' id='word_1_22' title='bbox 601 723 772 804; x_wconf 75' lang='lat' dir='ltr'><strong>nussiam</strong></span> <span class='ocrx_word' id='word_1_23' title='bbox 797 723 909 801; x_wconf 85' lang='lat' dir='ltr'><strong>ivisse</strong></span> <span class='ocrx_word' id='word_1_24' title='bbox 932 736 1016 823; x_wconf 84' lang='lat' dir='ltr'><strong>post</strong></span> <span class='ocrx_word' id='word_1_25' title='bbox 1045 749 1144 799; x_wconf 82' lang='lat' dir='ltr'><strong>mnr-</strong></span> 
     </span>
    </p>
   </div>
   <div class='ocr_carea' id='block_1_3' title="bbox 126 845 1143 1076">
    <p class='ocr_par' dir='ltr' id='par_1_3' title="bbox 126 845 1143 1076">
     <span class='ocr_line' id='line_1_4' title="bbox 126 845 1143 952; baseline 0.004 -32"><span class='ocrx_word' id='word_1_26' title='bbox 126 845 274 948; x_wconf 86' lang='lat' dir='ltr'><strong>tyrium</strong></span> <span class='ocrx_word' id='word_1_27' title='bbox 297 848 416 923; x_wconf 80' lang='lat' dir='ltr'><strong>saneti</strong></span> <span class='ocrx_word' id='word_1_28' title='bbox 450 849 666 942; x_wconf 76' lang='lat' dir='ltr'><strong>Adolberti,</strong></span> <span class='ocrx_word' id='word_1_29' title='bbox 690 874 766 924; x_wconf 88' lang='lat' dir='ltr'><strong>non</strong></span> <span class='ocrx_word' id='word_1_30' title='bbox 792 852 888 926; x_wconf 85' lang='lat' dir='ltr'><strong>nlius</strong></span> <span class='ocrx_word' id='word_1_31' title='bbox 914 873 1028 952; x_wconf 80' lang='lat' dir='ltr'><strong>quom</strong></span> <span class='ocrx_word' id='word_1_32' title='bbox 1047 853 1143 924; x_wconf 85' lang='lat' dir='ltr'><strong>Bru·</strong></span> 
     </span>
     <span class='ocr_line' id='line_1_5' title="bbox 128 972 1139 1076; baseline 0.003 -30"><span class='ocrx_word' id='word_1_33' title='bbox 128 998 180 1047; x_wconf 93' lang='lat' dir='ltr'><strong>no</strong></span> <span class='ocrx_word' id='word_1_34' title='bbox 207 972 419 1048; x_wconf 85' lang='lat' dir='ltr'><strong>Bonifnoius</strong></span> <span class='ocrx_word' id='word_1_35' title='bbox 452 985 530 1050; x_wconf 86' lang='lat' dir='ltr'><strong>est.</strong></span> <span class='ocrx_word' id='word_1_36' title='bbox 558 979 597 1050; x_wconf 85' lang='lat' dir='ltr'><strong>lo</strong></span> <span class='ocrx_word' id='word_1_37' title='bbox 628 976 698 1050; x_wconf 83' lang='lat' dir='ltr'><strong>hoo</strong></span> <span class='ocrx_word' id='word_1_38' title='bbox 729 976 828 1056; x_wconf 84' lang='lat' dir='ltr'><strong>snitu</strong></span> <span class='ocrx_word' id='word_1_39' title='bbox 856 976 1139 1076; x_wconf 65' lang='lat' dir='ltr'><strong>pertendemu-</strong></span> 
     </span>
    </p>
   </div>
   <div class='ocr_carea' id='block_1_4' title="bbox 18 1101 1141 1193">
    <p class='ocr_par' dir='ltr' id='par_1_4' title="bbox 18 1101 1141 1193">
     <span class='ocr_line' id='line_1_6' title="bbox 18 1101 1141 1193; baseline 0 -19"><span class='ocrx_word' id='word_1_40' title='bbox 18 1149 19 1152; x_wconf 57' lang='lat'><em>=</em></span> <span class='ocrx_word' id='word_1_41' title='bbox 126 1121 193 1175; x_wconf 87' lang='lat' dir='ltr'><strong>rus</strong></span> <span class='ocrx_word' id='word_1_42' title='bbox 221 1118 296 1173; x_wconf 93' lang='lat' dir='ltr'><strong>non</strong></span> <span class='ocrx_word' id='word_1_43' title='bbox 324 1120 413 1178; x_wconf 85' lang='lat' dir='ltr'><strong>oum</strong></span> <span class='ocrx_word' id='word_1_44' title='bbox 434 1103 542 1176; x_wconf 86' lang='lat' dir='ltr'><strong>Petro</strong></span> <span class='ocrx_word' id='word_1_45' title='bbox 565 1102 749 1176; x_wconf 84' lang='lat' dir='ltr'><strong>Damisno</strong></span> <span class='ocrx_word' id='word_1_46' title='bbox 774 1101 920 1193; x_wconf 81' lang='lat' dir='ltr'><strong>solnm,</strong></span> <span class='ocrx_word' id='word_1_47' title='bbox 951 1102 1015 1176; x_wconf 76' lang='lat' dir='ltr'><strong>sed</strong></span> <span class='ocrx_word' id='word_1_48' title='bbox 1051 1126 1141 1176; x_wconf 86' lang='lat' dir='ltr'><strong>cum</strong></span> 
     </span>
    </p>
   </div>
   <div class='ocr_carea' id='block_1_5' title="bbox 122 1225 1230 2448">
    <p class='ocr_par' dir='ltr' id='par_1_5' title="bbox 122 1225 1220 1822">
     <span class='ocr_line' id='line_1_7' title="bbox 122 1225 1145 1327; baseline -0.001 -27"><span class='ocrx_word' id='word_1_49' title='bbox 122 1225 321 1300; x_wconf 78' lang='lat' dir='ltr'><strong>Germanis</strong></span> <span class='ocrx_word' id='word_1_50' title='bbox 344 1225 456 1304; x_wconf 84' lang='lat' dir='ltr'><strong>etiem</strong></span> <span class='ocrx_word' id='word_1_51' title='bbox 482 1227 728 1324; x_wconf 73' lang='lat' dir='ltr'>scriptoribus</span> <span class='ocrx_word' id='word_1_52' title='bbox 746 1225 910 1326; x_wconf 81' lang='lat' dir='ltr'><strong>perfecte</strong></span> <span class='ocrx_word' id='word_1_53' title='bbox 938 1227 1111 1327; x_wconf 81' lang='lat' dir='ltr'><strong>congruit</strong></span> <span class='ocrx_word' id='word_1_54' title='bbox 1131 1253 1145 1320; x_wconf 81' lang='lat'>3</span> 
     </span>
     <span class='ocr_line' id='line_1_8' title="bbox 126 1347 1142 1450; baseline -0.002 -27"><span class='ocrx_word' id='word_1_55' title='bbox 126 1372 248 1450; x_wconf 87' lang='lat' dir='ltr'><strong>quum</strong></span> <span class='ocrx_word' id='word_1_56' title='bbox 271 1347 309 1422; x_wconf 88' lang='lat' dir='ltr'><strong>hi</strong></span> <span class='ocrx_word' id='word_1_57' title='bbox 335 1373 487 1448; x_wconf 89' lang='lat' dir='ltr'><strong>quoque</strong></span> <span class='ocrx_word' id='word_1_58' title='bbox 527 1347 712 1424; x_wconf 77' lang='lat' dir='ltr'><strong>affirment</strong></span> <span class='ocrx_word' id='word_1_59' title='bbox 739 1353 951 1425; x_wconf 86' lang='lat' dir='ltr'><strong>Brunnnem</strong></span> <span class='ocrx_word' id='word_1_60' title='bbox 993 1347 1142 1423; x_wconf 75' lang='lat' dir='ltr'><strong>Bonifa-</strong></span> 
     </span>
     <span class='ocr_line' id='line_1_9' title="bbox 126 1474 1144 1580; baseline -0.005 -29"><span class='ocrx_word' id='word_1_61' title='bbox 126 1477 338 1575; x_wconf 81' lang='lat' dir='ltr'><strong>oiutn&#39;‚post</strong></span> <span class='ocrx_word' id='word_1_62' title='bbox 379 1474 497 1549; x_wconf 82' lang='lat' dir='ltr'><strong>sancti</strong></span> <span class='ocrx_word' id='word_1_63' title='bbox 539 1477 729 1552; x_wconf 68' lang='lat' dir='ltr'><strong>odelberti</strong></span> <span class='ocrx_word' id='word_1_64' title='bbox 770 1476 1029 1580; x_wconf 73' lang='lat' dir='ltr'><strong>mortyriurn,</strong></span> <span class='ocrx_word' id='word_1_65' title='bbox 1067 1499 1144 1548; x_wconf 87' lang='lat' dir='ltr'><strong>uon</strong></span> 
     </span>
     <span class='ocr_line' id='line_1_10' title="bbox 129 1600 1220 1691; baseline -0.005 -14"><span class='ocrx_word' id='word_1_66' title='bbox 129 1623 223 1678; x_wconf 86' lang='lat' dir='ltr'><strong>vero</strong></span> <span class='ocrx_word' id='word_1_67' title='bbox 252 1609 357 1674; x_wconf 84' lang='lat' dir='ltr'><strong>entes</strong></span> <span class='ocrx_word' id='word_1_68' title='bbox 371 1654 383 1691; x_wconf 92' lang='lat'>,</span> <span class='ocrx_word' id='word_1_69' title='bbox 411 1600 450 1674; x_wconf 93' lang='lat' dir='ltr'><strong>in</strong></span> <span class='ocrx_word' id='word_1_70' title='bbox 474 1600 647 1677; x_wconf 81' lang='lat' dir='ltr'><strong>Russiom</strong></span> <span class='ocrx_word' id='word_1_71' title='bbox 667 1601 919 1680; x_wconf 76' lang='lat' dir='ltr'><strong>contendisse.</strong></span> <span class='ocrx_word' id='word_1_72' title='bbox 948 1601 998 1675; x_wconf 94' lang='lat' dir='ltr'><strong>Ut</strong></span> <span class='ocrx_word' id='word_1_73' title='bbox 1017 1609 1141 1673; x_wconf 80' lang='lat' dir='ltr'><strong>sutem</strong></span> <span class='ocrx_word' id='word_1_74' title='bbox 1218 1605 1220 1616; x_wconf 88' lang='lat'>&#39;</span> 
     </span>
     <span class='ocr_line' id='line_1_11' title="bbox 125 1719 1169 1822; baseline -0.003 -25"><span class='ocrx_word' id='word_1_75' title='bbox 125 1720 298 1822; x_wconf 85' lang='lat' dir='ltr'><strong>superius</strong></span> <span class='ocrx_word' id='word_1_76' title='bbox 329 1720 472 1799; x_wconf 83' lang='lat' dir='ltr'><strong>dietum</strong></span> <span class='ocrx_word' id='word_1_77' title='bbox 505 1735 559 1798; x_wconf 84' lang='lat' dir='ltr'><strong>est</strong></span> <span class='ocrx_word' id='word_1_78' title='bbox 594 1725 714 1822; x_wconf 68' lang='lat' dir='ltr'><em>(qq),</em></span> <span class='ocrx_word' id='word_1_79' title='bbox 750 1747 878 1821; x_wconf 82' lang='lat' dir='ltr'><strong>passus</strong></span> <span class='ocrx_word' id='word_1_80' title='bbox 916 1721 983 1795; x_wconf 85' lang='lat' dir='ltr'><strong>itte</strong></span> <span class='ocrx_word' id='word_1_81' title='bbox 1020 1719 1169 1794; x_wconf 69' lang='lat' dir='ltr'><strong>fuerat&#39;</strong></span> 
     </span>
    </p>

    <p class='ocr_par' dir='ltr' id='par_1_6' title="bbox 127 1844 1230 2448">
     <span class='ocr_line' id='line_1_12' title="bbox 130 1844 1143 1947; baseline -0.004 -26"><span class='ocrx_word' id='word_1_82' title='bbox 130 1871 228 1922; x_wconf 82' lang='lat' dir='ltr'><strong>anno</strong></span> <span class='ocrx_word' id='word_1_83' title='bbox 249 1845 360 1947; x_wconf 62' lang='lat'><strong>9960,</strong></span> <span class='ocrx_word' id='word_1_84' title='bbox 382 1845 443 1926; x_wconf 85' lang='lat' dir='ltr'><strong>vel</strong></span> <span class='ocrx_word' id='word_1_85' title='bbox 470 1847 707 1947; x_wconf 77' lang='lat' dir='ltr'><strong>insequenti:</strong></span> <span class='ocrx_word' id='word_1_86' title='bbox 737 1846 917 1923; x_wconf 67' lang='lat' dir='ltr'><strong>hisvero</strong></span> <span class='ocrx_word' id='word_1_87' title='bbox 941 1869 1069 1945; x_wconf 85' lang='lat' dir='ltr'><strong>passus</strong></span> <span class='ocrx_word' id='word_1_88' title='bbox 1086 1844 1143 1918; x_wconf 85' lang='lat' dir='ltr'><strong>in·</strong></span> 
     </span>
     <span class='ocr_line' id='line_1_13' title="bbox 127 1971 1143 2074; baseline -0.007 -27"><span class='ocrx_word' id='word_1_89' title='bbox 127 1983 186 2049; x_wconf 80' lang='lat' dir='ltr'><strong>tra</strong></span> <span class='ocrx_word' id='word_1_90' title='bbox 217 1971 539 2050; x_wconf 80' lang='lat' dir='ltr'><strong>annos1008.nn</strong></span> <span class='ocrx_word' id='word_1_91' title='bbox 569 1997 672 2052; x_wconf 82' lang='lat' dir='ltr'><strong>roto.</strong></span> <span class='ocrx_word' id='word_1_92' title='bbox 704 1971 818 2074; x_wconf 87' lang='lat' dir='ltr'><strong>Quod</strong></span> <span class='ocrx_word' id='word_1_93' title='bbox 833 1971 1010 2070; x_wconf 80' lang='lat' dir='ltr'><strong>od&#39;gonns</strong></span> <span class='ocrx_word' id='word_1_94' title='bbox 1041 1994 1143 2042; x_wconf 83' lang='lat' dir='ltr'><strong>mor·</strong></span> 
     </span>
     <span class='ocr_line' id='line_1_14' title="bbox 127 2081 1230 2196; baseline -0.001 -27"><span class='ocrx_word' id='word_1_95' title='bbox 127 2093 221 2196; x_wconf 80' lang='lat' dir='ltr'><strong>tyrii</strong></span> <span class='ocrx_word' id='word_1_96' title='bbox 249 2093 409 2195; x_wconf 73' lang='lat' dir='ltr'><strong>pertinet</strong></span> <span class='ocrx_word' id='word_1_97' title='bbox 444 2091 609 2194; x_wconf 80' lang='lat' dir='ltr'><strong>ejusdem</strong></span> <span class='ocrx_word' id='word_1_98' title='bbox 642 2081 826 2168; x_wconf 80' lang='lat' dir='ltr'><strong>Bruoonis</strong></span> <span class='ocrx_word' id='word_1_99' title='bbox 860 2091 1071 2181; x_wconf 73' lang='lat' dir='ltr'><strong>bonifacii,</strong></span> <span class='ocrx_word' id='word_1_100' title='bbox 1110 2089 1144 2170; x_wconf 85' lang='lat' dir='ltr'><strong>si</strong></span> <span class='ocrx_word' id='word_1_101' title='bbox 1228 2093 1230 2100; x_wconf 77' lang='grc'><em>’</em></span> 
     </span>
     <span class='ocr_line' id='line_1_15' title="bbox 127 2212 1139 2317; baseline -0.012 -21"><span class='ocrx_word' id='word_1_102' title='bbox 127 2221 179 2296; x_wconf 85' lang='lat' dir='ltr'><strong>nb</strong></span> <span class='ocrx_word' id='word_1_103' title='bbox 200 2217 282 2294; x_wconf 84' lang='lat' dir='ltr'><strong>aliis</strong></span> <span class='ocrx_word' id='word_1_104' title='bbox 311 2217 524 2317; x_wconf 82' lang='lat' dir='ltr'><strong>discrepare</strong></span> <span class='ocrx_word' id='word_1_105' title='bbox 549 2215 695 2292; x_wconf 85' lang='lat' dir='ltr'><strong>videtur</strong></span> <span class='ocrx_word' id='word_1_106' title='bbox 718 2216 951 2306; x_wconf 81' lang='lat' dir='ltr'><strong>Adomsrus,</strong></span> <span class='ocrx_word' id='word_1_107' title='bbox 977 2239 1051 2286; x_wconf 85' lang='lat' dir='ltr'><strong>non</strong></span> <span class='ocrx_word' id='word_1_108' title='bbox 1070 2212 1139 2285; x_wconf 75' lang='lat' dir='ltr'><strong>uri·</strong></span> 
     </span>
     <span class='ocr_line' id='line_1_16' title="bbox 128 2337 1141 2448; baseline -0.007 -29"><span class='ocrx_word' id='word_1_109' title='bbox 128 2367 216 2420; x_wconf 87' lang='lat' dir='ltr'><strong>rum</strong></span> <span class='ocrx_word' id='word_1_110' title='bbox 238 2350 293 2416; x_wconf 90' lang='lat' dir='ltr'><strong>est</strong></span> <span class='ocrx_word' id='word_1_111' title='bbox 305 2395 317 2433; x_wconf 91' lang='lat'><strong>,</strong></span> <span class='ocrx_word' id='word_1_112' title='bbox 341 2365 460 2448; x_wconf 87' lang='lat' dir='ltr'><strong>quum</strong></span> <span class='ocrx_word' id='word_1_113' title='bbox 475 2367 521 2414; x_wconf 90' lang='lat' dir='ltr'><strong>ne</strong></span> <span class='ocrx_word' id='word_1_114' title='bbox 536 2340 600 2415; x_wconf 88' lang='lat' dir='ltr'><strong>olii</strong></span> <span class='ocrx_word' id='word_1_115' title='bbox 612 2341 763 2442; x_wconf 89' lang='lat' dir='ltr'><strong>quidem</strong></span> <span class='ocrx_word' id='word_1_116' title='bbox 779 2340 873 2418; x_wconf 84' lang='lat' dir='ltr'><strong>illud</strong></span> <span class='ocrx_word' id='word_1_117' title='bbox 893 2365 969 2416; x_wconf 86' lang='lat' dir='ltr'><strong>uno</strong></span> <span class='ocrx_word' id='word_1_118' title='bbox 993 2337 1141 2412; x_wconf 86' lang='lat' dir='ltr'><strong>eodem·</strong></span> 
     </span>
    </p>
   </div>
   <div class='ocr_carea' id='block_1_6' title="bbox 18 2464 1269 2570">
    <p class='ocr_par' dir='ltr' id='par_1_7' title="bbox 18 2464 1269 2570">
     <span class='ocr_line' id='line_1_17' title="bbox 18 2464 1269 2570; baseline -0.005 -26"><span class='ocrx_word' id='word_1_119' title='bbox 18 2493 20 2500; x_wconf 90' lang='lat'>·</span> <span class='ocrx_word' id='word_1_120' title='bbox 127 2493 205 2570; x_wconf 87' lang='lat' dir='ltr'><strong>qus</strong></span> <span class='ocrx_word' id='word_1_121' title='bbox 227 2469 341 2545; x_wconf 87' lang='lat' dir='ltr'><strong>modo</strong></span> <span class='ocrx_word' id='word_1_122' title='bbox 375 2470 634 2568; x_wconf 81' lang='lat' dir='ltr'><strong>exposuerint.</strong></span> <span class='ocrx_word' id='word_1_123' title='bbox 659 2468 831 2570; x_wconf 84' lang='lat' dir='ltr'><strong>Denique</strong></span> <span class='ocrx_word' id='word_1_124' title='bbox 855 2464 1146 2565; x_wconf 75' lang='lat' dir='ltr'><strong>amputationem</strong></span> <span class='ocrx_word' id='word_1_125' title='bbox 1264 2493 1269 2504; x_wconf 92' lang='lat'><strong>·</strong></span> 
     </span>
    </p>
   </div>
   <div class='ocr_carea' id='block_1_7' title="bbox 81 2595 1245 3189">
    <p class='ocr_par' dir='ltr' id='par_1_8' title="bbox 132 2595 1245 2824">
     <span class='ocr_line' id='line_1_18' title="bbox 132 2595 1245 2698; baseline -0.01 -24"><span class='ocrx_word' id='word_1_126' title='bbox 132 2597 263 2698; x_wconf 80' lang='lat' dir='ltr'><strong>cupitis</strong></span> <span class='ocrx_word' id='word_1_127' title='bbox 280 2651 294 2690; x_wconf 90' lang='lat'>‚</span> <span class='ocrx_word' id='word_1_128' title='bbox 309 2622 424 2698; x_wconf 81' lang='lat' dir='ltr'><strong>quem</strong></span> <span class='ocrx_word' id='word_1_129' title='bbox 455 2595 517 2670; x_wconf 82' lang='lat' dir='ltr'><strong>olii</strong></span> <span class='ocrx_word' id='word_1_130' title='bbox 539 2596 634 2696; x_wconf 84' lang='lat' dir='ltr'><strong>pens</strong></span> <span class='ocrx_word' id='word_1_131' title='bbox 659 2621 786 2672; x_wconf 84' lang='lat' dir='ltr'><strong>omues</strong></span> <span class='ocrx_word' id='word_1_132' title='bbox 815 2595 1040 2694; x_wconf 79' lang='lat' dir='ltr'><strong>attigerunt,</strong></span> <span class='ocrx_word' id='word_1_133' title='bbox 1069 2616 1145 2664; x_wconf 92' lang='lat' dir='ltr'><strong>non</strong></span> <span class='ocrx_word' id='word_1_134' title='bbox 1243 2642 1245 2645; x_wconf 29' lang='grc' dir='ltr'>ψ</span> 
     </span>
     <span class='ocr_line' id='line_1_19' title="bbox 132 2720 922 2824; baseline -0.009 -27"><span class='ocrx_word' id='word_1_135' title='bbox 132 2721 199 2798; x_wconf 85' lang='lat' dir='ltr'><strong>iilo</strong></span> <span class='ocrx_word' id='word_1_136' title='bbox 225 2747 380 2824; x_wconf 87' lang='lat' dir='ltr'><strong>prorsus</strong></span> <span class='ocrx_word' id='word_1_137' title='bbox 409 2720 614 2804; x_wconf 61' lang='lat' dir='ltr'><strong>exclusit„</strong></span> <span class='ocrx_word' id='word_1_138' title='bbox 918 2723 922 2735; x_wconf 86' lang='lat'>&#39;</span> 
     </span>
    </p>

    <p class='ocr_par' dir='ltr' id='par_1_9' title="bbox 81 2829 1148 3189">
     <span class='ocr_line' id='line_1_20' title="bbox 232 2829 1146 2947; baseline -0.011 -26"><span class='ocrx_word' id='word_1_139' title='bbox 232 2847 293 2947; x_wconf 76' lang='lat'><strong>43.</strong></span> <span class='ocrx_word' id='word_1_140' title='bbox 319 2847 437 2920; x_wconf 85' lang='lat' dir='ltr'><strong>Porro</strong></span> <span class='ocrx_word' id='word_1_141' title='bbox 465 2843 639 2944; x_wconf 74' lang='lat' dir='ltr'><strong>quamvis</strong></span> <span class='ocrx_word' id='word_1_142' title='bbox 668 2843 715 2920; x_wconf 87' lang='lat' dir='ltr'><strong>do</strong></span> <span class='ocrx_word' id='word_1_143' title='bbox 746 2841 929 2917; x_wconf 83' lang='lat' dir='ltr'><strong>Brunonis</strong></span> <span class='ocrx_word' id='word_1_144' title='bbox 966 2829 1146 2916; x_wconf 84' lang='lat' dir='ltr'><strong>Bonifnoii</strong></span> 
     </span>
     <span class='ocr_line' id='line_1_21' title="bbox 131 2960 1144 3065; baseline -0.01 -23"><span class='ocrx_word' id='word_1_145' title='bbox 131 2967 265 3050; x_wconf 80' lang='lat' dir='ltr'><strong>itinere</strong></span> <span class='ocrx_word' id='word_1_146' title='bbox 281 2965 361 3042; x_wconf 76' lang='lat' dir='ltr'><strong>tuns</strong></span> <span class='ocrx_word' id='word_1_147' title='bbox 373 2968 420 3040; x_wconf 84' lang='lat' dir='ltr'><strong>in</strong></span> <span class='ocrx_word' id='word_1_148' title='bbox 433 2965 684 3065; x_wconf 84' lang='lat' dir='ltr'><strong>Hungorinm,</strong></span> <span class='ocrx_word' id='word_1_149' title='bbox 710 2977 792 3039; x_wconf 83' lang='lat' dir='ltr'><strong>tum</strong></span> <span class='ocrx_word' id='word_1_150' title='bbox 810 2960 1144 3038; x_wconf 81' lang='lat' dir='ltr'><strong>inRussiam&#39;Ade·</strong></span> 
     </span>
     <span class='ocr_line' id='line_1_22' title="bbox 81 3085 1148 3189; baseline -0.008 -24"><span class='ocrx_word' id='word_1_151' title='bbox 81 3085 84 3088; x_wconf 69' lang='grc'><strong>’</strong></span> <span class='ocrx_word' id='word_1_152' title='bbox 132 3113 260 3164; x_wconf 83' lang='lat' dir='ltr'><strong>marus</strong></span> <span class='ocrx_word' id='word_1_153' title='bbox 288 3087 328 3162; x_wconf 88' lang='lat' dir='ltr'><strong>in</strong></span> <span class='ocrx_word' id='word_1_154' title='bbox 360 3088 546 3189; x_wconf 81' lang='lat' dir='ltr'><strong>principio</strong></span> <span class='ocrx_word' id='word_1_155' title='bbox 570 3099 696 3188; x_wconf 80' lang='lat' dir='ltr'><strong>operte</strong></span> <span class='ocrx_word' id='word_1_156' title='bbox 717 3085 958 3178; x_wconf 55' lang='lat' dir='ltr'><strong>&#39;meminerim</strong></span> <span class='ocrx_word' id='word_1_157' title='bbox 1001 3097 1148 3183; x_wconf 82' lang='lat' dir='ltr'><strong>postes·</strong></span> 
     </span>
    </p>
   </div>
   <div class='ocr_carea' id='block_1_8' title="bbox 988 3270 1126 3285">
    <p class='ocr_par' dir='ltr' id='par_1_10' title="bbox 988 3270 1126 3285">
     <span class='ocr_line' id='line_1_23' title="bbox 988 3270 1126 3285; baseline 0.007 -2"><span class='ocrx_word' id='word_1_158' title='bbox 988 3270 1126 3285; x_wconf 52' lang='lat'><strong>*-</strong></span> 
     </span>
    </p>
   </div>
   <div class='ocr_carea' id='block_1_9' title="bbox 135 3379 1149 3691">
    <p class='ocr_par' dir='ltr' id='par_1_11' title="bbox 135 3379 1149 3691">
     <span class='ocr_line' id='line_1_24' title="bbox 234 3379 1149 3474; baseline -0.012 -19"><span class='ocrx_word' id='word_1_159' title='bbox 234 3396 304 3474; x_wconf 82' lang='lat' dir='ltr'><em>(pp)</em></span> <span class='ocrx_word' id='word_1_160' title='bbox 324 3393 388 3456; x_wconf 78' lang='lat' dir='ltr'><strong>vid.</strong></span> <span class='ocrx_word' id='word_1_161' title='bbox 409 3395 551 3456; x_wconf 70' lang='lat' dir='ltr'><strong>noeman.</strong></span> <span class='ocrx_word' id='word_1_162' title='bbox 572 3395 643 3456; x_wconf 77' lang='grc' dir='ltr'><strong>Καὶ.</strong></span> <span class='ocrx_word' id='word_1_163' title='bbox 663 3379 1149 3464; x_wconf 54' lang='lat' dir='ltr'><strong>nect-uuv.rom.1upag.10tp</strong></span> 
     </span>
     <span class='ocr_line' id='line_1_25' title="bbox 135 3518 268 3580; baseline -0.038 -14"><span class='ocrx_word' id='word_1_164' title='bbox 135 3518 168 3565; x_wconf 76' lang='lat' dir='ltr'><strong>et</strong></span> <span class='ocrx_word' id='word_1_165' title='bbox 187 3523 268 3580; x_wconf 79' lang='lat' dir='ltr'><strong>seqq.</strong></span> 
     </span>
     <span class='ocr_line' id='line_1_26' title="bbox 239 3601 932 3691; baseline -0.007 -22"><span class='ocrx_word' id='word_1_166' title='bbox 239 3611 299 3691; x_wconf 75' lang='lat' dir='ltr'><em>(qq)</em></span> <span class='ocrx_word' id='word_1_167' title='bbox 320 3608 384 3668; x_wconf 75' lang='lat' dir='ltr'><strong>vid.</strong></span> <span class='ocrx_word' id='word_1_168' title='bbox 405 3627 485 3686; x_wconf 81' lang='lat' dir='ltr'><strong>supr.</strong></span> <span class='ocrx_word' id='word_1_169' title='bbox 504 3623 586 3669; x_wconf 84' lang='lat' dir='ltr'><strong>num.</strong></span> <span class='ocrx_word' id='word_1_170' title='bbox 607 3611 656 3671; x_wconf 69' lang='lat'><strong>³3.</strong></span> <span class='ocrx_word' id='word_1_171' title='bbox 677 3624 708 3671; x_wconf 83' lang='lat' dir='ltr'><strong>et</strong></span> <span class='ocrx_word' id='word_1_172' title='bbox 726 3611 776 3672; x_wconf 77' lang='lat'><strong>36.</strong></span> <span class='ocrx_word' id='word_1_173' title='bbox 796 3601 859 3670; x_wconf 82' lang='lat' dir='ltr'><strong>hoe¹</strong></span> <span class='ocrx_word' id='word_1_174' title='bbox 872 3626 932 3685; x_wconf 80' lang='lat' dir='ltr'><strong>esp.</strong></span> 
     </span>
    </p>
   </div>
   <div class='ocr_carea' id='block_1_10' title="bbox 638 3843 655 3894">
    <p class='ocr_par' dir='ltr' id='par_1_12' title="bbox 638 3843 655 3894">
     <span class='ocr_line' id='line_1_27' title="bbox 638 3843 655 3894; baseline 0 0"><span class='ocrx_word' id='word_1_175' title='bbox 638 3843 655 3894; x_wconf 75' lang='grc' dir='ltr'><strong><em>θ</em></strong></span> 
     </span>
    </p>
   </div>
   <div class='ocr_carea' id='block_1_11' title="bbox 0 0 1429 4452">
    <p class='ocr_par' dir='ltr' id='par_1_13' title="bbox 0 0 1429 4452">
     <span class='ocr_line' id='line_1_28' title="bbox 0 0 1429 4452; baseline 0 0"><span class='ocrx_word' id='word_1_176' title='bbox 0 0 1429 4452; x_wconf 95' lang='lat' dir='ltr'><strong> </strong></span> 
     </span>
    </p>
   </div>
  </div>
 </body>
</html>
