2836 4452
1060 351 1153 426 2103

164 485 327 564 tiiieibus
353 481 508 560 Pallinm
525 489 649 583 petere
664 479 1169 584 consuevistesqoendoqni-

161 611 246 685 dem
265 619 396 708 optans
425 609 648 706 Leonpenus
660 658 673 696 ,
695 616 738 680 ut
761 603 901 705 absque
926 602 1078 704 speciali
1113 601 1161 676 li·

158 731 280 808 oentia
308 730 347 802 in
374 737 565 828 posterum
591 726 828 802 Petrierohee
857 753 988 804 omnes
1010 725 1166 802 induere

161 875 309 930 seomtm
334 853 428 928 illud
458 851 599 951 insigne
626 861 800 949 possent,
824 849 962 926 litteras
984 875 1028 926 ea
1051 847 1106 924 de
1122 868 1164 924 re

159 979 311 1055 nomine
331 977 483 1054 loannis
505 979 570 1055 XL
594 975 643 1053 ad
667 976 787 1054 filium
815 1001 926 1054 sunm
966 974 1165 1054 mittendas

162 1112 329 1302 ⁰²¹r⁸Z¹¹l·
342 1227 382 1300 ln
407 1225 533 1304 looom
564 1218 844 1326 Theophylenti
881 1223 1067 1302 demortui
1093 1227 1164 1302 e'n-

148 1371 211 1424 ·no
240 1351 326 1468 956.
354 1348 578 1451 Polyeuotoe
599 1333 939 1450 inaugnrntnsest3
964 1351 1046 1454 ”qui
1072 1352 1168 1430 inter

162 1470 272 1548 vivos
299 1468 427 1571 agebat
451 1471 559 1546 etiam
587 1480 694 1564 tum,
716 1473 866 1572 qnando
888 1472 1038 1550 alteram
1058 1493 1167 1558 sunm

159 1594 379 1696 legationem
396 1595 648 1696 Lintprandus
667 1595 797 1672 obivit.
823 1599 939 1698 Atqui
956 1597 1166 1701 Episcopus

155 1719 362 1796 Cremonae
385 1721 424 1796 in
449 1720 551 1796 italie
574 1731 654 1796 erat
686 1727 774 1796 tune
813 1722 1087 1822 liutprandus,
1123 1733 1162 1797 et

153 1859 277 1926 tamen
307 1846 547 1924 nihilominus
573 1873 660 1922 eum
685 1847 889 1947 Polyeuoto
920 1847 1163 1940 Petriarnlie,

152 1987 190 2048 et
211 1972 426 2074 Nicephoro
452 1972 575 2048 Phoea
591 1972 837 2070 imperatore,
860 1971 1013 2075 'aliisque
1033 1976 1158 2052 Grae-

151 2097 227 2189 cis,
251 2097 290 2172 in
315 2094 647 2198 quossseeteroquin
673 2119 747 2168 non
771 2095 870 2170 bono
892 2108 974 2178 erat
1005 2096 1162 2190 enimn,

155 2220 255 2298 haud
283 2222 384 2302 eavit
400 2219 698 2298 communicare:
715 2220 829 2296 immo
842 2222 881 2296 in
895 2219 1043 2322 publiea
1060 2241 1159 2324 qnae

151 2347 239 2426 dam
260 2348 526 2449 supplicatione
538 2349 654 2443 iuxta
676 2343 822 2448 psaltas
839 2351 938 2428 idest
958 2363 1161 2445 oontores,

151 2484 196 2550 nt
214 2474 292 2572 ipse
318 2471 495 2574 loquitur,
518 2471 657 2573 prodiit
682 2473 721 2548 in
751 2475 967 2576 publicum3
990 2463 1107 2578 etque
1119 2475 1158 2552 in

143 2597 214 2675 alie
237 2599 330 2675 festo
349 2611 562 2676 sanctornm
578 2599 866 2698 Apostolorum,
894 2613 936 2677 ut
960 2601 1056 2680 idem
1074 2601 1152 2702 ipse

155 2712 347 2812 insinuat,
371 2721 423 2795 od
441 2733 596 2796 sanctos
619 2708 833 2818 Apostolos,
849 2721 922 2798 hoe
946 2734 999 2798 est
1023 2723 1069 2800 ad
1087 2725 1155 2801 Eo·

154 2846 304 2924 elesiam
334 2847 484 2924 illorum
500 2843 634 2922 honori
658 2847 840 2942 dientem,
863 2851 1071 2924 Missurum
1095 2877 1158 2927 so·

160 2970 306 3046 lemniis
332 2971 505 3046 interesse
534 2993 609 3044 non
631 2959 843 3049 dubitavit.
870 2969 1002 3072 Neque
1024 2972 1161 3050 Giaeoi

149 3119 282 3170 rursus
299 3091 530 3194 Lintprendo
544 3093 659 3170 ullam
679 3093 883 3171 schismatis
908 3096 1159 3196 suspicionem
1262 3091 1276 3108 '⁴

153 3219 346 3296 dederuut.
368 3215 535 3293 Tametsi
559 3218 657 3293 enim
681 3218 729 3293 ab
748 3243 793 3292 eo
808 3218 854 3293 de
868 3219 1045 3294 Romanis
1063 3220 1159 3295 Pon'·

150 3340 315 3416 tilieibus
347 3361 456 3438 saepe
484 3337 617 3440 injecta
639 3338 776 3416 mentio
802 3349 924 3432 esset,
954 3362 999 3418 eo
1030 3337 1157 3414 nemi·

154 3466 271 3543 netim
295 3464 501 3564 Gregorius
538 3467 698 3564 Magnus
729 3461 1085 3563 universatts'etpa
1105 3465 1154 3540 ab

150 3617 196 3668 eo
224 3588 351 3668 luisset
374 3597 608 3690 nuncupatus
623 3612 750 3666 eorem
767 3585 976 3665 Patrinrcha
993 3584 1155 3688 Polyeu·
