2830 4452
132 495 352 598 praedictus
375 499 467 574 Rex
492 497 675 592 audieus,
698 497 831 600 filium
850 506 1001 580 suimet
1023 501 1150 581 horta·

131 635 178 698 tu
201 622 393 710 Bolizlavi
404 626 519 700 tocito
534 625 807 704 reluctaturum
832 629 920 721 sibi,
934 633 1046 728 *cepit
1063 654 1153 708 cum

130 745 290 837 eodem,
306 759 346 820 et
361 771 507 838 uxore,
524 761 564 822 et
593 751 633 822 in
657 749 849 850 singulari
857 753 1031 836 custodia
1047 755 1152 828 cicu-

126 870 209 949 tu.
238 873 289 944 Iu
322 893 395 968 qua
411 867 528 944 Pater
549 872 803 964 venerabilis,
832 875 934 973 quod
961 879 1144 974 inaperta

49 1048 52 1052 -
109 995 216 1093 fieri
239 1019 316 1070 nou
341 995 493 1091 potuit,
520 997 561 1068 ia
591 993 742 1074 decreto
763 996 1057 1098 (corrigendum
1081 1025 1145 1077 se·

127 1118 264 1215 creto)
289 1115 460 1190 studiose
491 1118 533 1192 ia
558 1115 697 1192 diuino¹
725 1115 841 1193 laude
860 1124 1038 1218 peregit.
1066 1123 1148 1196 Hic

126 1266 218 1318 cum
239 1266 281 1315 ee
298 1240 503 1338 lacrymis,
526 1241 781 1340 assiduaeque
799 1247 982 1322 arationis
996 1270 1049 1320 cx
1063 1269 1149 1320 cor·

125 1367 176 1444 de
215 1369 378 1444 cantato
410 1364 581 1464 prolatae
615 1367 740 1444 hostia
777 1395 927 1448 summo
961 1372 1152 1470 sacerdoti

126 1491 405 1583 reconciliaret,
430 1515 483 1566 es
522 1505 605 1568 orta
642 1497 809 1595 corporis
843 1519 998 1590 carcere
1041 1493 1150 1570 solu·

124 1632 189 1694 tus
210 1671 223 1709 ,
248 1617 303 1692 ati
340 1614 551 1694 libertatem
577 1621 758 1717 perennis
799 1619 948 1722 gloriae
969 1619 1148 1721 gaudens

126 1743 306 1820 transiit.
974 1771 978 1780 ·

227 1889 288 1966 ²9·
313 1865 442 1944 Minus
478 1893 640 1969 aequum
668 1891 708 1944 se
741 1868 935 1946 Ditmorus
967 1869 1147 1963 praebet,

124 2017 246 2092 quum
275 1993 426 2094 antiqua
456 1993 695 2072 Volodimiro
721 1995 881 2070 crimina
913 1996 1148 2093 exprobrat,

124 2114 387 2192 etBolesicum
411 2116 575 2216 appellat
603 2142 691 2192 susc
718 2117 833 2216 gentis
852 2127 1146 2215 persecutorem.

132 2240 308 2330 Verum,
342 2249 385 2314 ut
413 2249 512 2314 recto
539 2237 671 2338 Pogius
691 2237 954 2314 animadvortit
981 2237 1069 2336 (d),
1091 2238 1140 2312 ob

124 2375 309 2459 perpetua
325 2361 426 2436 heila
453 2358 662 2438 Germanos
686 2361 810 2452 ouer,
834 2372 874 2435 et
896 2364 1074 2452 Bassos,
1096 2385 1145 2434 ac

123 2485 297 2562 Polauos
329 2496 496 2576 exorta,
527 2483 807 2582 confectoque,
843 2483 978 2560 horum
1009 2481 1142 2582 populi

122 2621 257 2686 mutuo
293 2607 448 2703 saepius
475 2605 684 2686 abalienati
711 2607 850 2699 fuere.
891 2609 1023 2709 Quare
1062 2633 1141 2686 noa

121 2737 281 2825 mirum,
303 2735 341 2810 si
353 2731 549 2808 Ditmarus
573 2733 906 2832 Mersepurgeusis
921 2736 962 2807 iu
977 2733 1136 2834 Germa-

122 2863 190 2938 nia
213 2864 426 2961 Episcopus
463 2858 738 2938 Voiodimirum
750 2909 765 2948 ,
781 2871 823 2934 ct
844 2858 1068 2936 Baleslaum
1093 2862 1135 2934 ia

122 2987 301 3068 invidiam
312 3000 439 3087 uocet;
447 3011 562 3087 quum
574 2985 615 3060 id
623 2987 762 3060 uostris
774 2985 1003 3079 temporibus
1016 2988 1063 3062 ab
1080 2987 1140 3060 hi·

123 3115 276 3190 storicis
296 3139 373 3190 nou
398 3115 583 3210 rarofieri
603 3125 770 3189 constet.
786 3111 848 3186 Ob
863 3109 1029 3186 eamdem
1045 3137 1137 3188 cou-

125 3262 206 3312 sam
222 3235 307 3311 licet
322 3235 466 3337 opinari
478 3290 493 3328 ,
505 3237 713 3313 Ditmarum
723 3235 910 3335 scripsisse
924 3288 940 3327 ,
953 3235 1137 3313 Graecam

124 3360 350 3442 Volodimiri
365 3385 519 3436 uxorem
533 3359 647 3436 fuisso
667 3360 797 3434 Ottoni
811 3361 870 3439 111.
884 3357 1134 3448 fraudulenta

229 3612 272 3689 (d)
293 3616 332 3674 td
352 3613 528 3702 aun31008.
549 3630 632 3672 num.
644 3615 695 3673 1v.
