2836 4452
1047 387 1097 468 85

86 501 327 592 Boniiacirtm
343 507 413 616 p'to
424 521 617 617 comperto
635 513 980 618 init,neqnioq'nitm
997 519 1108 597 Prn's·

85 641 182 716 siam
208 639 732 748 aliquibus-proponentibus.
755 644 828 719 Sed
853 642 929 744 jsrn
966 644 1108 744 probs·-

84 767 176 844 bitis
200 767 327 862 offerri
359 767 454 842 ratio
471 777 614 867 potest,
632 767 712 845 'cur
730 768 915 845 Proseism
937 767 1120 848 nonnulli

88 915 164 991 pro
179 888 308 964 Rnssie
337 888 558 968 invexerint.
574 889 662 965 Non
677 890 852 970 omnibus
874 891 1121 991 propositum

85 1023 204 1104 erst,
233 1013 446 1090 Brunonom
471 1009 710 1088 Bonifscium
739 1013 845 1113 sequi
872 1012 912 1088 in
944 1016 1114 1118 suicid-

87 1136 245 1212 nsribns
270 1135 480 1213 universis:
497 1145 535 1208 nt
560 1145 689 1210 notum
705 1144 784 1210 ernt
800 1135 975 1211 omnibus
997 1140 1113 1214 Prus-

88 1263 185 1338 sism
208 1261 315 1336 iilum
341 1271 441 1336 rocta
466 1261 624 1360 petiisse.
641 1260 805 1363 Quidam
821 1287 910 1362 ergo
927 1272 991 1338 aut
1008 1265 1116 1364 ignc-

89 1388 149 1481 ri,
170 1405 265 1490 qnns
289 1387 404 1464 horno
428 1385 491 1460 ilie
525 1387 765 1487 Apostolicns
796 1386 971 1486 deinceps
997 1413 1109 1488 pern-

96 1514 265 1615 grsverit
298 1513 490 1613 regiones,
516 1523 582 1586 sut
610 1537 746 1612 porum
771 1511 818 1586 de
835 1513 1006 1614 martyrii
1035 1513 1115 1612 ejus

95 1642 183 1718 loco
211 1637 386 1731 solliciti,
412 1637 450 1714 in
470 1637 615 1714 Prussia
626 1689 642 1731 ,
666 1638 732 1714 ubi
756 1639 879 1738 primo
910 1637 1115 1716 substitisse

92 1789 181 1844 eum
197 1778 406 1858 noverant,
429 1763 598 1842 occisum
627 1774 864 1863 potaverunt.
945 1795 948 1802 ’

169 1894 227 1970 50.
253 1893 382 1968 Unum
396 1891 519 1966 solnm
548 1893 759 1965 Brnnonern
782 1887 1114 1966 Bonifaciumno-v

93 2015 286 2092 minarunt
312 2013 553 2104 Adamas,
580 2021 617 2085 et
640 2011 771 2086 Petrus
802 2010 1021 2092 Damianos
1040 2013 1115 2090 Sed

91 2143 186 2220 nlter
223 2140 382 2218 nimium
419 2138 561 2215 studuit
592 2135 789 2228 brevitati,
814 2137 908 2213 aiter
933 2146 1032 2214 totns
1069 2139 1109 2214 in

93 2265 206 2343 lende
231 2261 414 2370 trunonis
443 2259 625 2337 Bonifacii
651 2259 811 2335 aliorum
838 2257 912 2334 fnit
945 2261 1113 2344 incurio-

92 2413 187 2466 sus:
217 2389 285 2464 etsi
324 2387 426 2464 hand
460 2387 614 2463 omnino
653 2387 881 2462 Drminnum
921 2386 1112 2486 praeteriit

94 2511 393 2591 illumcomitntu
404 2509 851 2611 quorumdsmsociorum
865 2512 1023 2588 Romam
1041 2509 1113 2586 iter

96 2636 302 2713 coniecisse
341 2635 466 2734 (ccc).
506 2631 651 2715 Verum
691 2634 884 2713 enimvero
930 2634 1111 2711 Germani

97 2759 329 2860 scriptores,
352 2756 544 2830 Ditmarus
569 2755 608 2829 in
635 2753 786 2854 primis,
808 2752 975 2830 homines
1000 2767 1115 2830 octos.

97 2885 220 2964 decim
251 2882 374 2958 socios
401 2883 435 2956 ei
464 2879 579 2962 tuisse
605 2881 644 2954 in
671 2881 855 2982 martyrio
881 2880 964 2980 ipso
995 2881 1113 2956 nadi-

98 3011 253 3088 dornnt.
283 3008 332 3083 Et
357 3007 437 3106 sine
466 3005 583 3084 dnbio
613 3005 789 3083 mendum
819 2981 974 3102 irrepsit
994 3004 1034 3079 in
1054 3016 1114 3081 te·

98 3149 207 3216 stum
223 3133 437 3213 Annalistee
453 3134 604 3216 Saxonis
619 3133 668 3210 sd
684 3159 822 3210 annum
839 3133 944 3213 1106.
961 3134 1028 3210 ubi
1043 3159 1114 3209 no

93 3275 195 3340 tatus
222 3263 413 3338 sociorum
417 3261 563 3372 XXIV.
579 3283 757 3368 numerus
773 3272 851 3358 est3
872 3285 989 3361 quum
1004 3257 1110 3375 prins

97 3371 147 3468 sd
176 3409 316 3460 annum
335 3365 439 3483 1009
467 3380 580 3458 iidem
593 3362 696 3459 dicti
722 3365 1009 3460 tuerintxv'ni.
1033 3367 1109 3456 Rc·

175 3645 252 3718 (ccc)
272 3640 336 3700 vid.
357 3654 435 3724 sopr.
455 3657 539 3697 unm.
559 3633 607 3695 33.
627 3591 693 3713 post
712 3637 842 3699 initium.
