2830 4452
123 477 272 562 miaaua
291 477 616 572 commemoravit,
653 486 765 581 atque
812 503 925 582 anper
963 377 1131 582 οἰμῶξι

117 608 298 710 martyria
322 625 459 706 eorpus
473 606 593 684 'fuisse
606 606 837 684 aedificatam
861 611 1018 684 asseruit
1034 607 1131 710 (rr).

117 729 236 834 Quod
257 729 357 806 enim
377 729 567 807 Ditmarus
592 753 726 829 perum
738 727 1021 844 Rueeiearnieue
1040 731 1135 808 rori-4

117 867 245 954 pseret
257 905 273 946 ‚
295 851 362 929 diu
379 851 558 952 insepulta
571 849 728 950 jaeuieae
743 873 904 952 corpore
919 851 1018 927 iltius
1032 879 1136 930 mar·

117 979 290 1082 tyria,et
315 973 506 1052 aeriorum
530 973 609 1074 ejus
619 1021 635 1067 ,
657 971 698 1050 id
710 995 788 1048 eree
812 986 914 1052 extra
931 975 1043 1054 fidem
1068 977 1136 1058 vi·¹

121 1102 264 1183 detur.

215 1237 279 1327 44.
304 1219 419 1322 Igitur
443 1219 632 1320 Pincenati
655 1219 838 1298 Bruuouis
867 1220 1056 1298 bonifacii.
1070 1225 1137 1298 iri-²

103 1345 333 1424 'terfectorer
351 1345 391 1418 iri
415 1344 557 1420 [tussia
588 1343 638 1418 ab
668 1343 858 1418 ademaro
884 1342 1137 1428 collocantur:

122 1467 236 1572 Quod
247 1466 278 1544 ai
292 1467 331 1542 in
346 1466 458 1542 altato
468 1464 679 1542 testimonio
696 1475 735 1541 et
750 1464 993 1544 adalbertum
1009 1469 1134 1562 etiarn,

121 1615 235 1694 quem
259 1597 402 1665 constat
438 1591 478 1664 in
506 1586 653 1664 Prueaia
683 1591 933 1684 occubuisse,
961 1591 1134 1668 at’iaee·

120 1719 218 1794 netis
237 1717 404 1792 occisum
430 1713 639 1798 Ademarur
656 1717 935 1813 pronuntiavit3
950 1731 1057 1794 caute
1079 1718 1137 1793 ni·-

119 1836 326 1914 hilorninur
351 1837 579 1913 abstinuerat
606 1838 653 1914 de
689 1839 820 1914 Ruesia
838 1839 1061 1916 mentionem
1075 1840 1135 1916 ia·

120 1961 250 2056 ferre,
277 1962 429 2066 quando
447 1961 611 2061 ejusdem
630 1961 824 2041 adalberti
849 1964 1001 2056 itinere,
1022 1977 1134 2067 atque

122 2086 350 2190 martyrium
373 2085 645 2184 perstrinxerat.
661 2084 733 2162 sed
764 2113 785 2161 e
813 2087 1000 2162 contrario
1020 2112 1139 2188 quum
1194 2129 1199 2137 =

123 2211 259 2288 itinera
269 2210 474 2302 describit,
498 2220 610 2312 etque
627 2210 850 2314 martyrium
871 2213 1054 2288 Bruno'nie
1066 2215 1136 2288 Bo·

119 2336 279 2429 nifaeii,
302 2347 339 2412 et
366 2337 565 2431 Ruesiarn,
608 2350 646 2414 et
673 2339 814 2416 Rueeos
847 2350 1135 2418 commemoret.

222 2463 363 2565 45.·At
384 2462 527 2540 verosi
558 2461 770 2554 Pincenati,
793 2464 860 2563 qui
884 2461 1052 2539 Brunoni
1065 2465 1139 2537 Bo·

121 2584 263 2664 nifeeio
283 2595 440 2662 mortem
464 2583 698 2677 attulerunt,
720 2585 852 2661 Ruesia
878 2584 1033 2686 quidem
1068 2611 1138 2664 va-

120 2709 335 2809 gabantur,
362 2708 427 2784 aed
439 2707 549 2800 Rusai
573 2732 701 2808 reapse
722 2733 798 2783 non
822 2718 949 2800 erent,
980 2706 1019 2784 hi
1045 2733 1139 2808 pro·

124 2832 191 2908 cul
223 2831 339 2908 dabie
376 2831 490 2908 iidem
514 2839 602 2907 eunt
623 2864 643 2925 ,·
664 2859 709 2908 ae
754 2836 990 2914 steterim<
1020 2835 1137 2908 Peae-

121 2953 303 3056 gnieghi,
331 2964 375 3032 ut
398 2955 507 3032 nobie
535 2954 648 3032 latine
689 2956 845 3034 reddere
881 2981 1017 3033 vocem
1055 2955 1138 3031 sta-

97 3082 248 3184 ,vieam
271 3081 388 3182 magia
414 3082 575 3160 arridet:
606 3111 702 3184 quae
722 3093 845 3159 temen
874 3107 999 3162 vexa
1032 3083 1139 3157 Lati-

121 3204 181 3279 nie
204 3203 451 3303 scriptoribus
478 3205 582 3282 aliter
616 3215 728 3307 atque
755 3197 863 3280 iliter
888 3202 985 3284 verti
1015 3205 1136 3279 eolat.

120 3329 165 3402 ln
188 3328 421 3418 Bassorum,
446 3326 680 3429 aliarumque
704 3327 947 3404 finitimarum
971 3329 1138 3427 gentium

232 3587 282 3660 (ss)
302 3583 367 3644 vid.
388 3603 467 3661 aupr.
487 3601 571 3642 num·
592 3584 639 3646 33.
660 3584 692 3644 in
712 3587 760 3644 fin.
