2836 4452
281 351 354 432 aad

165 453 169 468 Ι
201 514 205 528 ’
232 465 235 472 ’
272 490 420 560 creatus
441 477 564 560 inerat
585 473 801 555 Patriarch‘a
821 475 930 552 'ahno
953 479 1069 578 9995,
1092 469 1140 549 ad
1162 485 1291 550 amns-

274 605 348 682 sim
372 604 556 683 decimus.
574 601 708 703 Neque
728 623 821 679 vero
833 598 1044 676 istiusmodi
1061 599 1210 676 veritati
1232 596 1292 674 nl·

270 726 326 807 les
351 729 498 808 offundi
527 729 696 806 tenebras
723 751 830 827 posse
852 749 900 801 ex
914 721 1156 824 Epitaphio,
1181 719 1288 826 quod

273 835 679 956 Batoniusproferied
691 848 800 924 illum
817 838 991 922 eumdem
1008 865 1149 921 annum
1167 869 1295 949 wop,
1314 865 1332 949 J

276 975 361 1075 jure
376 977 586 1078 putandum
598 985 662 1051 est.
684 974 869 1072 sequutus
885 967 1090 1044 Maffaenm
1111 968 1299 1069 vaggiam

271 1091 456 1178 Batonius
475 1098 612 1175 Joanni
641 1093 779 1173 xvnt.
807 1090 1297 1198 RomanojPontificianno

241 1247 257 1320 ᾗ
274 1224 407 1302 eodem
423 1214 623 1302 demortuo
635 1221 817 1321 scriptum
830 1213 1037 1298 venditavit
1048 1214 1296 1317 Epitaphium

276 1346 469 1450 quoddam
492 1372 541 1423 ex
569 1344 763 1425 veteribus
779 1343 982 1424 vaticanae
1008 1341 1187 1417 Basilicas
1210 1367 1297 1416 mo-

269 1469 486 1563 numentis,
512 1469 554 1542 in
583 1491 661 1568 quo
690 1489 847 1565 sequens
871 1461 1067 1538 distichon·
1089 1461 1317 1562 lagfflatun'·

299 1599 403 1672 Nam
417 1589 571 1669 'orcas
599 1602 788 1685 supernas
800 1641 816 1680 ,
845 1590 927 1663 eois
940 1587 1114 1687 partibus
1136 1613 1268 1681 amin,

344 1715 561 1790 Schismatc
580 1710 759 1810 pellendo
770 1710 968 1804 ,reddidit
982 1709 1215 1787 Ecclesiam.

276 1837 435 1940 Quibus
453 1859 500 1914 ex
525 1835 651 1916 verbis
678 1834 956 1910 reconciliatam
981 1835 1078 1910 inter
1107 1836 1261 1926 Latinos
1277 1886 1309 1929 „

269 1971 309 2036 et
327 1960 496 2036 Graecos
504 1957 749 2034 'concordiam
774 1967 853 2032 essa
868 1982 958 2040 cure
976 1958 998 2032 J
1001 1961 1130 2034 oannis
1149 1961 1291 2040 Xtht.

273 2084 457 2182 Batonius
483 2095 760 2185 argumentatus
784 2093 849 2158 est.
871 2085 1000 2184 Quum
1014 2096 1137 2161 autem
1154 2086 1193 2162 id
1206 2095 1292 2187 post
1340 2161 1344 2168 .

264 2212 625 2312 ,electionem'ipsius
650 2209 804 2285 Joannia
819 2209 997 2286 accidisse
1011 2211 1190 2310 oportuit,
1214 2213 1290 2288 sci·

119 2407 121 2417 .
275 2341 364 2418 licet
392 2349 476 2441 post
502 2363 644 2413 anunm
675 2340 808 2430 1005.²
841 2335 913 2412 sub
941 2338 1049 2438 cujus
1079 2339 1191 2414 finem
1221 2338 1289 2415 ilie

271 2463 346 2542 suit
361 2486 529 2539 summus
550 2457 723 2536 Pontifex
740 2461 989 2552 renuntiatum
1007 2462 1144 2538 confici
1158 2469 1205 2540 ex
1219 2464 1293 2540 ad-

274 2590 399 2667 ductis
425 2588 551 2667 verbis
575 2585 730 2663 omnino
753 2585 925 2678 deberet,
948 2586 1140 2665 schismati
1158 2590 1293 2690 primis

272 2713 381 2792 aunis
406 2713 575 2813 Sergium
613 2711 822 2794 studuisse.
854 2715 998 2792 Verum
1033 2713 1106 2790 hoc
1139 2715 1294 2792 tandem
1364 2797 1366 2805 ,

273 2838 434 2916 ariolare
461 2847 528 2914 est.
558 2836 671 2914 Caret
697 2836 797 2912 anim
819 2837 1007 2937 principio
1035 2836 1130 2914 illud
1156 2837 1294 2939 Epita-

274 2963 428 3065 phium:
459 2987 556 3065 quae
582 2973 707 3038 autem
731 2961 951 3062 superfuere
988 2961 1170 3055 disticha,
1202 2963 1294 3038 nnl-
1321 2975 1325 2981 '

276 3091 350 3164 iius
377 3088 566 3164 Pontificis
592 3113 729 3163 noman
751 3087 975 3188 praeierunt.
1005 3088 1074 3192 Sed
1090 3089 1297 3190 nequePe-

276 3225 359 3288 trus
381 3211 564 3306 Mallius,
588 3211 656 3312 qui
678 3210 827 3286 saeculo
854 3206 1078 3287 duodecimo
1104 3211 1181 3314 jam
1198 3211 1293 3311 Epi·-

281 3332 456 3433 taphium
482 3335 583 3410 idem
602 3333 829 3432 produxerat
850 3331 984 3429 (ddd),
1006 3332 1150 3408 factum
1176 3335 1302 3450 ioan-¹

350 3503 444 3582 (aad)
465 3506 528 3565 vta.
549 3511 628 3565 Acta
641 3509 776 3566 sanior.
798 3509 933 3568 sonans.
948 3513 1033 3566 nom.
1046 3515 1109 3571 vsu
1129 3512 1212 3574 sunu
1224 3502 1314 3586 pose¹

263 3609 395 3670 initiunt.
