2830 4452
247 459 345 534 siam
374 478 461 531 esse
473 451 651 544 factam.
681 451 770 528 Hoc
795 462 923 523 autem
952 449 1070 542 primo
1096 452 1255 547 attingi-

251 595 314 655 tur
347 581 585 677 generatim
618 572 925 671 singulispostea
947 573 1050 647 illius
1078 577 1254 673 temporis

244 703 467 802 percensitis
489 698 723 772 Potrioreitis
756 697 1131 796 Constantinopoleos
1151 755 1162 790 ,
1186 725 1253 774 ne·

230 828 387 900 ¹rninem
408 849 461 898 ex
490 821 607 898 eisin
639 825 853 897 Romanam
883 819 1012 898 sedem
1037 825 1168 918 luisse
1193 849 1255 898 re·

248 946 384 1024 bellem
407 949 614 1023 evincitur.
639 967 743 1022 numa
768 947 829 1022 53.

550 1189 821 1266 CAPUT
869 1191 961 1270 v11.

349 1442 478 1541 Quum
519 1440 622 1513 circu
655 1436 849 1515 undecimi
882 1429 1030 1514 saeculi
1061 1437 1255 1515 dimidium

246 1570 369 1670 erupit
379 1564 580 1641 Michaelis
600 1565 783 1640 Getulorii
807 1566 994 1657 schisma,
1016 1567 1116 1641 mole
1132 1565 1253 1639 Groe-

245 1700 310 1786 ci,
344 1706 383 1767 et
413 1692 539 1766 Russi
569 1693 668 1765 inter
700 1715 744 1763 se
773 1694 930 1762 animati
969 1699 1111 1764 erant.
1156 1693 1254 1763 Tum

243 1816 444 1904 Helorion,
474 1813 594 1888 inscio
625 1809 1041 1910 Constantinopolitano
1080 1813 1255 1885 Potnor·

243 1943 317 2017 olto
326 1995 341 2033 ,
370 1945 411 2014 in
432 1937 709 2037 Metropolitum
735 1923 981 2013 Kiouiensem
1002 1938 1254 2031 electusfuit.

243 2070 355 2143 Ante
368 2119 380 2156 ,
393 2077 434 2139 et
448 2076 537 2162 post
565 2061 730 2138 schisma
761 2059 859 2136 illud
881 2086 970 2136 cum
995 2063 1124 2138 multis
1140 2067 1253 2136 Prin-

240 2194 385 2292 cipibus
397 2191 791 2286 Latinissonguinent,
804 2203 1005 2286 genusque
1016 2215 1132 2263 suum
1146 2191 1253 2262 Rus·

240 2320 279 2390 si
298 2316 498 2412 Principes
524 2313 783 2386 miscuerunt.
811 2311 985 2384 Maxime
1007 2328 1097 2385 uera
1119 2300 1252 2385 eodem

241 2439 399 2516 saeculo
428 2441 644 2512 Russorum
670 2460 765 2533 ergo
796 2439 1006 2512 Romanam
1034 2435 1163 2513 sedem
1189 2436 1257 2510 de-

241 2564 342 2637 uotio
359 2563 520 2636 emicuit
536 2611 551 2650 ,
568 2559 792 2655 orentque.
825 2561 986 2655 legatis
1005 2560 1148 2634 Leonis
1169 2559 1259 2650 tx„

237 2687 305 2784 qui
356 2677 679 2778 Constantinopoli
721 2681 984 2755 Potriorolzom
1026 2679 1256 2754 Michaelem

247 2809 485 2887 cerularium
507 2804 1087 2899 excommunicationisfirlmine
1096 2827 1254 2902 percus·

155 2915 159 2919 ’
241 2949 401 3028 serant,
439 2945 565 3007 tutum
600 2931 819 3030 penitgium
851 2935 976 3008 Russi
1005 2932 1255 3027 praebuere.

242 3057 418 3133 Izaslaus
432 3077 558 3153 nepos
578 3054 979 3132 VolodimiriRussiae
994 3079 1154 3154 regnum
1168 3079 1253 3130 son

241 3195 303 3256 oto
330 3185 448 3255 Petro
483 3177 640 3254 obtulit.
682 3178 920 3277 Afflruntur
943 3180 1090 3256 litterae
1132 3184 1258 3257 sancti

247 3305 426 3404 Gregorii
453 3305 549 3384 VII.
577 3327 625 3382 ea
653 3303 702 3379 de
727 3305 839 3379 read
859 3305 1051 3382 lzoslaum
1080 3311 1253 3403 scriptae.

244 3435 408 3507 Festum
435 3429 693 3504 translationis
716 3429 965 3527 reliquiorum
990 3435 1117 3506 sancti
1139 3435 1258 3506 Nica-

238 3555 293 3633 lai
329 3557 378 3633 ab
428 3557 579 3636 Urbano
604 3557 660 3633 11.
696 3559 930 3653 institutum,
961 3558 1067 3656 quod
1105 3560 1245 3638 Graeci
