2836 4452
246 344 332 422 rio*

202 489 209 506 ·
241 489 354 568 pene,
376 466 418 539 in
449 459 526 538 iilis
551 461 724 561 portibus
752 458 996 555 deleverunt,
1021 462 1103 562 qui·
1116 473 1271 562 portet)¹

150 603 153 630 ¹
245 592 332 668 illos
362 591 560 689 usquead
582 613 711 664 moros
736 587 1182 688 Coostontioopolitenue
1195 593 1255 666 ei-

245 722 371 795 nitotis
395 713 646 818 obtinuelront.
676 711 738 790 An
751 716 823 788 lwc
837 739 932 812 crgo
955 715 1148 790 auxilium
1163 717 1272 792 Do-·

250 845 379 916 minus
408 835 518 936 Papo
542 823 682 916 eluitur
706 837 897 927 incitavit,
923 849 968 910 ut
994 839 1109 918 etiam
1137 840 1255 935 jure·

236 963 405 1061 jurando
432 961 724 1061 promitterent,
752 983 798 1036 se
822 959 944 1050 illue,
966 962 1056 1036 Deo
1074 979 1268 1044 cunum·-

248 1105 300 1181 te,
323 1093 460 1183 beros,
484 1102 524 1164 et
546 1085 671 1164 eidem
693 1089 907 1186 imperatori
926 1102 1057 1164 eontra
1075 1090 1272 1188 Pogonus·

243 1234 312 1310 pro
329 1233 444 1311 posse
458 1235 542 1298 ,sao
552 1207 833 1307 fidelissimum
860 1209 1093 1302 urlJ'utorium
1129 1207 1273 1286 oollam
1386 1209 1387 1212 ’

244 1350 363 1410 tutos.
395 1333 543 1434 Quibus
568 1357 615 1408 ex
635 1332 746 1408 rebus
770 1330 880 1408 lecile
902 1331 1144 1432 intelligitur,
1173 1334 1268 1407 tto-¹

245 1485 374 1536 munos
402 1459 601 1534 Pontifices
627 1471 713 1558 post
743 1457 1001 1558 expulsionem
1029 1470 1271 1534 etmortetu¹

248 1579 446 1658 Michaelis
477 1581 663 1658 cerularii
699 1580 831 1657 eodem
864 1579 948 1655 loeo
990 1580 1271 1656 Constantino-2

246 1709 451 1808 politanam
483 1706 709 1800 Ecclesiam,
732 1733 810 1808 quo
835 1715 972 1784 ceteras
1000 1705 1185 1784 Ecclesiae
1208 1707 1271 1780 si·¹
1380 1779 1382 1784 .

242 1833 283 1909 bl
307 1834 475 1926 devotus,
502 1832 684 1914 habuisse.
701 1832 843 1932 Quidni
861 1842 1050 1934 ergo‘tum
1069 1859 1146 1908 nou
1160 1831 1258 1906 luis·

243 1971 299 2036 set
328 1960 454 2038 Russis
477 1961 647 2053 licitum,
679 1957 931 2052 Patrierchis,
965 1959 1034 2062 qui
1061 1957 1253 2036 Ecclesiae

245 2087 302 2164 illl
327 2093 545 2188 praeerant,
569 2109 609 2162 se
637 2085 890 2162 submittere?

340 2211 403 2316 84.
430 2213 540 2290 Certe
562 2213 633 2288 sub
649 2211 839 2290 undecimi
866 2206 1005 2286 saeculi
1028 2207 1140 2284 finem
1155 2209 1258 2286 ttu-

241 2334 274 2412 si
302 2335 390 2412 licet
417 2335 610 2433 conjuncti
634 2347 754 2409 esseut
789 2357 878 2410 oum
906 2332 1093 2425 Graecis,
1126 2337 1255 2408 temen

242 2471 279 2533 et
296 2483 384 2532 cum
401 2455 542 2529 Latinis
559 2479 711 2555 quoque
727 2452 929 2530 amicitiem
943 2452 1127 2545 colebant,
1142 2461 1273 2552 atque<

240 2577 464 2658 Pontificum
480 2579 732 2654 aomanorum
744 2575 928 2654 voluntati
940 2574 1275 2676 obsequebantur..

238 2704 387 2780 Etenim
418 2705 566 2805 Agnes,
596 2713 795 2804 postquam
811 2700 1088 2779 absolutionem
1106 2700 1155 2776 ab
1177 2701 1255 2776 Ur·

84 2873 87 2882 ι
243 2827 343 2902 bauo
367 2826 410 2906 ll.
437 2827 653 2926 impetravit
677 2826 715 2900 iu
732 2825 905 2902 Concilio
921 2824 1144 2900 Latinorum
1167 2823 1267 2924 api--

242 2973 456 3050 scaporum,
467 2949 672 3031 honorifice
685 2959 889 3051 susceptae
905 2949 1033 3028 Russis
1048 2958 1113 3024 est.
1127 2949 1260 3025 Prom-

240 3089 306 3176 pto
336 3075 487 3176 iusuper
511 3075 729 3178 labentique
751 3078 876 3152 animo
896 3072 1035 3170 .llussi,'
1054 3076 1253 3174 Metropo-

113 3265 117 3273 .
241 3199 308 3276 lita
340 3199 551 3300 Ephremo,
581 3227 629 3278 ex
657 3201 822 3304 ejusdem
843 3201 989 3279 Urbani
1004 3198 1257 3287 mandatore·

241 3335 419 3424 ceperunt
442 3325 577 3407 festum
607 3328 854 3404 translationis
878 3324 1123 3428 reliquiarum
1137 3322 1260 3398 sancti

241 3449 401 3529 Nicolai.
430 3453 514 3528 Hoc
540 3464 662 3532 autem
682 3452 927 3533 Karamsiuus
949 3451 1060 3528 stiam
1086 3447 1257 3549 agnovit,

245 3565 290 3650 'ut
310 3601 377 3654 uos
408 3575 484 3680 jam
500 3579 847 3686 animadvertimus.v
862 3581 1037 3662 Attamen
1054 3571 1150 3656 illud
1163 3597 1256 3652 scu·
