2836 4452
977 291 980 300 ¹
1089 268 1173 353 '135

156 391 207 478 do
232 388 481 493 Cemlenius)
508 391 696 496 eLegeiis
722 390 859 473 Leonis
882 392 949 472 tit
974 393 1174 496 reciperet,
1222 445 1228 450 -

154 524 242 618 poet
271 542 335 592 eos
359 517 457 594 misit
477 519 646 620 ‚legatos
660 543 786 596 snos.
810 518 862 594 Hi
890 527 1016 596 autam
1047 519 1088 594 in
1112 521 1172 624 oi·

153 645 270 724 vitate
294 645 510 734 Russorum
533 651 758 743 aeceperunt
787 643 984 744 exemplar
1007 669 1170 722 exeom-

155 751 760 852 municationis'oetooissimums
790 769 893 870 quod
921 769 1076 872 quidem
1099 772 1172 849 im·
1204 785 1206 788 ’

155 893 346 993 paratoni,
368 904 405 972 et
426 895 575 976 civibus
602 894 1021 999 constantinopolitanis
1052 925 1073 973 a
1098 901 1171 975 Lo·

155 1019 248 1118 getis
279 1019 369 1121 ipsis
403 1021 565 1100 Romani
608 1021 799 1098 Pontifiois
834 1025 1031 1104 remissum
1064 1023 1171 1105 tuit.

154 1151 178 1224 J
180 1175 332 1230 emvero
347 1149 521 1226 illudhao
533 1151 744 1226 narratione
758 1159 870 1250 patet,
879 1152 1037 1254 Legatos
1046 1153 1169 1230 Grae·

153 1275 189 1352 oi
205 1275 451 1376 imperatoris,
464 1275 534 1378 qui
548 1275 702 1377 ⁸sequuti
717 1275 865 1356 fuerant
884 1276 1043 1378 Legatos
1067 1279 1166 1354 Leo·

153 1399 213 1478 nis
236 1401 388 1498 Papae,
411 1423 475 1474 eos
500 1397 652 1474 demum
667 1398 707 1474 iu
731 1400 909 1490 deuote,
935 1423 1001 1475 sen
1022 1399 1176 1501 regione

151 1523 372 1598 Bassorum
392 1521 635 1601 adinvenisse.
657 1521 729 1622 Sed
745 1547 844 1625 quae
857 1521 990 1600 amabo
1006 1525 1168 1626 Legatos

152 1642 344 1726 Pontificio
369 1669 479 1723 cansa
501 1642 674 1744 impulit,
694 1644 904 1723 utraverti
922 1647 1078 1724 Romam
1092 1647 1171 1748 jus·

142 1772 188 1854 ,si
213 1798 236 1849 a
259 1782 362 1850 sacta
387 1769 451 1850 vie
480 1769 714 1860 recederent,
731 1778 850 1870 atque
867 1771 907 1845 in
926 1771 1098 1849 Russiem
1115 1770 1168 1846 il·

149 1897 227 1978 lioo
242 1896 591 1998 proficiscerentur?
605 1897 723 1973 Antea
731 1947 747 1989 ,
760 1921 874 1998 quam
890 1897 1019 1997 Legati
1033 1899 1166 1974 absee-

152 2021 283 2100 dorent
310 2018 810 2120 Constantinopoli,.perum
825 2019 1072 2134 abluit,‚quin
1091 2021 1169 2098 Mt:

156 2147 295 2247 abaelis
326 2146 513 2226 cerularii
535 2145 679 2222 insidiis
706 2145 959 2223 obruerentur
979 2149 1118 2225 ibidem
1148 2171 1176 2224 a

148 2272 323 2376 populos
342 2279 468 2376 postea
490 2297 617 2366 veno,
639 2298 753 2374 qnam
778 2271 1024 2348 discesserunt
1030 2326 1045 2364 ‚
1068 2271 1171 2349 idem

154 2394 322 2486 Micheel
347 2395 551 2472 concitavit
576 2393 789 2496 imperatori
814 2393 1039 2472 seditionem
1065 2395 1172 2496 vulgi

155 2514 1172 2620 maximnm,velutNunoiisoooperotofueritejusvo·

61 2655 63 2665 ’
157 2643 301 2720 luntas·
315 2644 370 2717 Ut
389 2623 478 2742 engo
491 2643 579 2718 istas
610 2643 843 2720 Graecorum
860 2643 1166 2721 tumultuationes
1205 2645 1207 2649 ’

155 2762 605 2841 commotasaCerulario
620 2762 824 2865 effugerent
835 2773 945 2866 etque
954 2764 1162 2846 devitarent
1256 2763 1262 2778 '

157 2890 290 2992 Legati
306 2890 442 2966 Leonis
463 2889 550 2983 lx„
572 2891 648 2968 nito
665 2889 705 2967 iu
720 2891 892 2968 Russiam
908 2873 1166 2970 oucnnrerunt.

155 3016 340 3116 Magnum
349 3013 448 3092 enim
456 3016 495 3090 in
505 3014 704 3092 discrimen
713 3013 866 3090 adducti
876 3005 978 3115 apud
988 3013 1171 3108 Graecos,

157 3150 378 3243 promptum
406 3140 560 3244 aliquod
587 3151 624 3218 at
645 3151 816 3244 peratum
842 3141 988 3245 asylum
1012 3137 1171 3244 quaene*
1230 3231 1235 3245 ι

155 3261 262 3342 bant:
278 3260 350 3340 hoo
366 3285 453 3338 vero
467 3261 557 3369 alibi
568 3263 719 3355 melius,
734 3283 848 3366 qnam
860 3262 1056 3365 inregione
1070 3265 1167 3340 lius·

156 3415 285 3468 sorum
300 3401 381 3468 tum
396 3388 557 3469 inveniri
580 3415 657 3465 nou
682 3413 789 3492 posse
804 3389 972 3480 arbitrati
990 3398 1088 3468 sunt.
1111 3390 1179 3467 Aa
1240 3440 1246 3458 t

77 3559 84 3574 =
160 3513 314 3600 minime
330 3542 403 3598 eos
426 3540 509 3620 spes
533 3514 677 3599 fefellit.
701 3515 946 3626 Namqnasite
970 3515 1090 3595 securi
1105 3513 1171 3594 lu·
